2796 4854
202 343 233 388 n
456 341 606 390 curares
623 341 683 392 nus
702 327 863 388 normes
879 340 1061 388 anoniisns

203 455 259 520 ille
275 455 535 520 destructionem
554 457 596 520 de
612 456 763 521 custodia
779 455 895 520 feeerit
911 454 963 520 vel
978 469 1119 535 vastum,
1132 481 1191 521 nos
1207 457 1252 520 ab
1268 456 1323 520 illo

204 556 373 646 capiemus
393 558 578 636 emendam,
602 572 634 622 et
656 570 743 620 terra
765 559 989 622 committatur
1009 557 1138 622 duobus
1157 558 1324 648 legalibus

204 671 236 722 et
252 657 406 724 discretis
422 657 615 724 hominibus
633 660 674 722 de
692 657 788 723 leudo
805 658 875 736 illo,
894 660 950 748 qni
967 659 1008 722 dc
1025 659 1167 724 exitibus
1185 684 1325 748 respon-

204 759 305 826 deant
325 758 421 824 nobis
439 761 492 824 vel
512 760 541 824 ei
563 759 616 824 cui
636 785 693 826 eos
712 761 1010 848 assignaverimus;
1030 772 1064 825 et
1082 760 1109 824 si
1132 761 1325 826 dederimus

202 862 254 926 vel
269 860 516 926 vendiderimus
534 863 632 926 alicui
650 861 833 927 custodiam
850 863 987 950 alicujus
1004 861 1079 927 talis
1098 876 1197 942 terre,
1219 877 1256 928 et
1272 863 1326 926 ille

204 963 466 1028 destructionem
483 964 561 1027 inde
580 963 694 1028 feeerit
712 964 762 1028 vel
780 976 920 1042 vastum,
937 962 1066 1028 amittat
1085 966 1189 1052 ipsam
1211 977 1326 1029 custo-

205 1065 305 1142 diam,
333 1077 366 1130 et
389 1065 538 1129 tradatur
564 1065 695 1130 duobus
718 1065 880 1156 legalibus
900 1078 933 1130 et
953 1065 1108 1130 discretis
1130 1065 1326 1130 hominibus

204 1166 246 1230 de
269 1166 366 1232 seodo
389 1166 447 1231 illo
468 1167 525 1254 qni
547 1167 700 1232 similiter
718 1166 816 1232 nobis
836 1167 1060 1256 respondeant
1083 1169 1169 1233 sicut
1186 1168 1326 1256 predic-

205 1280 274 1332 tum
298 1279 359 1332 est.

249 1423 279 1487 5.
308 1425 428 1488 Custos
460 1436 586 1501 autem,
621 1425 778 1512 qnamdiu
814 1425 998 1490 custodiam
1029 1439 1117 1490 terre
1146 1426 1324 1503 habuerit,

205 1538 371 1591 sustentet
393 1526 522 1605 domos,
553 1549 689 1613 parcos,
718 1528 858 1608 vivaria,
890 1539 1024 1618 stagna,
1057 1527 1268 1606 molendina,
1297 1540 1328 1590 et

204 1640 314 1691 cetera
339 1626 379 1689 ad
401 1626 633 1690 terramillam
654 1629 872 1714 pertinencia,
894 1629 935 1692 de
959 1627 1102 1692 exitibus
1122 1642 1211 1693 terre
1236 1631 1327 1716 ejus-

204 1731 296 1807 dem;
319 1741 351 1791 et
373 1726 491 1791 reddat
511 1728 638 1805 heredi,
661 1753 736 1792 cum
760 1730 800 1793 ad
822 1730 952 1818 plenam
974 1742 1096 1794 etatem
1119 1730 1324 1817 pervenerit,

203 1844 325 1894 terram
354 1853 445 1893 suam
472 1842 575 1894 totam
600 1831 814 1894 instauratam
842 1832 883 1895 de
911 1831 1037 1896 carneis
1065 1846 1095 1894 et
1119 1837 1325 1921 woynagiis,

203 1932 381 1996 seeundum
419 1931 508 2019 quod
538 1946 665 2020 tempus
701 1938 873 2023 wuynogii
901 1937 1008 2023 exiget
1038 1949 1068 1997 et
1098 1940 1204 1998 exitus
1240 1949 1327 1997 terre

204 2035 454 2098 racionabiliter
464 2048 623 2121 poterunt
640 2040 815 2098 sustinere.

248 2173 280 2236 6.
308 2173 455 2238 Heredes
475 2175 671 2240 maritentur
690 2177 815 2263 absque
836 2174 1120 2266 disparagacione‚
1144 2180 1187 2240 ico
1209 2191 1324 2240 tamen

207 2275 305 2364 qnod,
326 2290 502 2364 (iatequum
520 2277 739 2340 contrabatur
756 2282 1013 2356 alacrimoniam,
1034 2279 1227 2342 ostendatur
1239 2303 1321 2366 pro-

205 2380 339 2466 pinquis
353 2378 392 2439 de
408 2382 693 2466 consanguinitate
711 2382 813 2468 ipsim
831 2379 970 2442 heredia.

252 2517 282 2584 7.
309 2519 414 2586 Vidua
440 2533 678 2608 postmortem
702 2520 809 2584 mariti
832 2520 881 2584 sui
903 2522 1013 2584 statim
1036 2533 1068 2584 et
1090 2520 1159 2584 sine
1180 2519 1326 2585 difficul-

206 2632 273 2684 tate
295 2621 416 2685 habeat
442 2621 651 2711 maritagium
676 2635 708 2685 et
733 2623 951 2686 hereditatem
977 2647 1080 2698 suam,
1110 2646 1169 2686 nec
1196 2621 1326 2709 aliquid

207 2722 264 2785 det
280 2746 340 2809 pro
359 2723 435 2786 dote
454 2747 522 2801 sua,
543 2723 594 2786 vel
614 2747 674 2810 pro
692 2723 864 2813 maritagio
885 2748 955 2803 suo,
977 2724 1027 2787 vel
1045 2722 1230 2788 hereditate
1255 2747 1324 2799 sua,

207 2847 304 2912 quam
323 2824 542 2888 hereditatem
559 2825 695 2888 maritus
716 2849 793 2888 suus
814 2827 932 2912 etipsa
954 2826 1123 2889 tenuerint
1140 2824 1193 2887 die
1212 2825 1325 2888 obitus

206 2925 311 3012 ipsius
328 2927 447 3003 mariti,
468 2940 500 2990 et
516 2939 646 2990 maneat
662 2928 695 2989 in
715 2927 813 2989 domo
833 2928 939 2989 mariti
959 2926 1008 2989 sui
1028 2950 1087 3014 per
1103 2925 1324 3014 quadraginta

207 3026 278 3091 dies
295 3040 370 3115 post
386 3041 524 3092 mortem
541 3029 660 3116 ipsius,
681 3027 763 3090 inira
779 3052 862 3115 quos
880 3027 1067 3114 assignetur
1083 3027 1111 3090 ei
1129 3026 1188 3089 dos
1207 3051 1279 3090 sua.

249 3184 283 3250 8.
309 3186 406 3252 Nulla
440 3187 537 3250 vidua
575 3186 795 3276 distringatur
828 3185 879 3248 ad
903 3211 937 3250 sc
972 3185 1208 3261 maritandum,
1246 3186 1323 3248 dnm

205 3288 346 3352 voluerit
371 3289 480 3351 vivere
509 3289 580 3350 sine
610 3287 744 3366 marito,
773 3287 816 3350 ita
848 3301 956 3350 tamen
990 3286 1079 3374 quod
1113 3287 1324 3350 securitatem

205 3387 304 3452 saciat
318 3389 406 3477 quod
424 3413 541 3452 senon
558 3388 725 3452 maritabit
713 3387 813 3452 tsine
830 3411 967 3452 assensu
984 3400 1110 3464 nostru,
1124 3387 1209 3450 side
1226 3386 1324 3450 nobis

205 3489 361 3567 tenuerit,
383 3489 889 3554 velsmeassensudommisui
911 3489 951 3552 de
973 3487 1213 3576 quotenneiit,
1237 3487 1324 3550 side

206 3591 269 3655 alio
289 3592 446 3656 tenuerit.

249 3733 281 3797 9.
308 3735 376 3798 Nec
400 3759 460 3798 nos
488 3757 548 3798 neo
573 3733 684 3796 ballivi
707 3732 813 3796 nostri
837 3732 1008 3796 seisiemus
1032 3743 1154 3794 terram
1179 3730 1323 3818 aliquam

206 3858 267 3898 neo
290 3835 399 3899 reddit
387 3849 455 3899 tum
478 3859 539 3922 pro
562 3835 675 3899 debito
697 3835 819 3922 aliquo,
845 3832 999 3920 quamdiu
1024 3831 1139 3896 catalla
1159 3830 1323 3896 debitoris

206 3935 373 4001 sufficiunt
389 3938 429 4001 ad
442 3936 535 4000 debit
523 3949 591 4000 tum
605 3935 831 4012 reddendum3
824 3959 908 3998 ·neo
922 3935 1045 4024 plegii
1038 3935 1142 4022 lpsius
1159 3933 1322 3997 debitoris

206 4035 448 4128 distringantur
463 4038 646 4151 quamdin
638 4061 709 4124 ipse
728 4036 879 4124 capitalis
892 4036 984 4099 debit
972 4048 1024 4099 tor
1040 4059 1077 4098 su
1081 4033 1161 4097 llicit
1179 4035 1221 4098 ad
1238 4035 1322 4098 solu·

206 4139 335 4202 cionem
352 4139 531 4218 debiti3t
499 4151 531 4204 et
552 4163 579 4203 sr
571 4139 748 4227 capitalis
768 4137 901 4201 debitor
919 4137 979 4200 des
976 4137 1079 4201 ecerit
1100 4134 1132 4198 in
1153 4134 1323 4199 solucione
