2820 4868
205 375 267 412 xm
639 359 889 410 mraonucriou

206 476 233 550 il
263 478 426 574 charges
454 503 505 550 uu
537 478 677 550 comite
709 475 758 550 de
789 479 810 550 3
842 481 1019 574 avequeS,
1054 477 1075 547 3
1106 489 1254 547 comtes
1289 488 1336 545 et

207 737 325 809 propria
342 737 495 798 voluntate,
511 753 563 807 pro
581 735 664 789 nobis
678 747 707 788 et
722 735 877 788 heredibus
893 735 1011 798 nostris,
1028 735 1104 806 quod
1117 735 1219 804 Magna
1233 732 1335 784 Carta
1400 729 1401 758 i

208 824 243 875 de
256 821 438 875 libertatibus
454 821 623 874 observetur
636 821 664 873 in
679 819 811 874 omnibus
823 819 936 891 punctis
952 819 1024 882 suis,
1041 830 1069 871 et
1085 817 1216 872 similiter
1232 817 1334 868 Carta
1400 815 1401 838 ¹

208 909 243 960 de
256 907 363 960 foresta
376 915 513 967 servetur,
528 904 613 957 salvis
624 914 717 958 tamen
726 905 886 974 juramento
899 913 1008 966 nostro,
1017 905 1081 974 jure
1095 921 1197 957 corone
1211 910 1333 961 nostre,
1400 897 1401 912 ¹

209 1000 236 1044 et
250 989 413 1044 rarioribus
427 990 534 1043 nostris
550 1007 582 1041 ac
599 989 688 1042 eciam
705 989 842 1051 aliorum3
858 1007 913 1061 que
931 988 1044 1061 quidem
1063 1007 1115 1059 per
1130 985 1333 1040 venerabilem
1400 1009 1401 1032 t

209 1085 318 1146 patrem
339 1077 373 1128 R.
398 1073 645 1146 archiepiscopum
666 1074 818 1128 Cantuarie
840 1091 874 1126 ex
897 1083 977 1144 parte
1002 1081 1098 1126 nostra
1122 1081 1150 1125 et
1173 1072 1202 1124 iu
1222 1079 1335 1124 nostra
1400 1079 1401 1140 ζ

209 1160 357 1232 presencia
374 1168 439 1212 tuuc
453 1159 635 1230 pronunciari
650 1159 785 1220 lecimus;
802 1168 830 1211 et
842 1158 944 1210 deinde
961 1159 1035 1228 apud
1052 1157 1196 1218 Odimere,
1211 1156 1239 1207 in
1257 1154 1333 1225 ipso
1400 1193 1401 1228 ,

209 1243 344 1316 passagio
356 1254 455 1296 nostro
470 1243 498 1309 in
512 1243 672 1296 Flandriam
685 1243 801 1296 eandem
817 1242 1028 1296 concessionem
1044 1241 1098 1294 sub
1112 1240 1208 1312 sigillo
1220 1249 1334 1292 nostro
1400 1299 1401 1306 ἶ

209 1327 357 1382 observari
376 1328 560 1399 precipiendo
577 1328 769 1382 mandavimus
789 1337 817 1380 et
837 1327 926 1381 teneri
942 1346 995 1398 per
1011 1336 1101 1380 totum
1117 1344 1236 1396 regnum
1253 1341 1334 1376 nos·
1400 1311 1401 1332 ¹

210 1423 284 1466 trum
299 1413 327 1465 in
342 1412 470 1485 quolibet
483 1413 626 1466 comitatu.
639 1413 674 1464 Et
687 1413 753 1484 quia
767 1432 781 1464 a
796 1421 924 1484 tempore
938 1411 987 1464 illo
1001 1412 1071 1464 citra
1083 1429 1135 1481 per
1150 1409 1335 1462 artacionem

210 1507 238 1550 et
253 1497 463 1568 districcionem
478 1514 645 1567 guerrarum
663 1515 775 1548 eramus
794 1496 924 1568 occupati
941 1495 1137 1566 multipliciter
1151 1505 1178 1548 et
1191 1493 1334 1546 distracti
1400 1511 1401 1542 t

210 1582 239 1634 in
251 1582 372 1636 diversis
385 1581 487 1652 patriis
498 1590 526 1634 et
537 1581 711 1653 longinquis,
721 1590 841 1652 propter
854 1581 930 1652 quod
944 1581 1017 1633 scire
1030 1579 1206 1652 nequivimus
1218 1587 1333 1631 statum
1400 1653 1401 1656 Ἴ

211 1667 291 1738 regni
310 1666 411 1728 nostri,
431 1684 492 1728 nos,
512 1665 613 1718 diebus
630 1666 695 1718 istis
715 1676 853 1737 quatenus
871 1665 954 1718 nobis
973 1674 1061 1727 vacat,
1083 1672 1209 1717 nostram
1231 1662 1333 1716 conti·
1400 1657 1401 1678 ³

211 1759 329 1803 nuantes
349 1749 513 1820 primariam
532 1750 712 1811 voluntatem,
732 1748 883 1802 habuimus
896 1748 1133 1801 deliberacionem
1150 1765 1237 1818 super
1256 1765 1332 1800 con-

212 1835 340 1888 cessione
353 1843 450 1887 uostra
461 1834 604 1904 predicta;
617 1843 655 1895 et,
668 1835 702 1886 ad
719 1833 855 1888 bonorem
866 1833 919 1886 Dei
930 1842 958 1886 et
973 1842 1067 1886 sancte
1083 1833 1181 1886 matris
1194 1831 1332 1884 Ecclesia

213 1938 243 1972 ac
267 1920 444 1972 commodum
466 1918 558 1970 tocius
581 1918 681 1989 populi
705 1919 785 1990 regni
810 1918 915 1978 nostri,
940 1918 1069 1971 volumus
1093 1919 1169 1988 quod
1193 1917 1332 1988 predicta

212 2004 315 2074 Magna
333 2003 419 2056 Carta
436 2004 470 2054 de
487 2002 669 2055 libertatibus
687 2003 855 2056 observetur
872 2003 901 2054 in
918 2002 1050 2055 omnibus
1069 2002 1181 2072 punctis
1203 2001 1277 2063 suis,
1302 2011 1333 2053 et

212 2097 289 2140 carta
301 2088 389 2140 eciam
401 2088 436 2138 de
450 2089 578 2148 Foresta,
589 2089 743 2142 secundum
754 2087 935 2158 subscriptos
948 2086 1084 2140 articulos
1095 2087 1143 2158 qui
1157 2091 1222 2140 sunt
1232 2087 1312 2139 tales
1324 2107 1329 2136 :
1400 2093 1401 2104 ¹

248 2174 288 2225 Le
301 2180 388 2224 statut
399 2172 548 2241 reproduit
560 2171 636 2224 alors
649 2171 864 2242 integralement
874 2171 901 2223 la
916 2172 1012 2224 charte
1026 2173 1060 2224 de
1074 2171 1100 2223 la
1112 2172 1186 2224 foret
1199 2171 1309 2242 depuis
1323 2191 1329 2222 :
1400 2201 1401 2222 t

215 2277 226 2307 u
241 2255 395 2327 inquisicio
406 2255 448 2308 vel
462 2255 540 2308 visus
556 2257 591 2308 de
607 2257 818 2327 expeditacione
833 2274 957 2309 canum»
975 2257 1143 2328 .....jusqu'ia
1160 2277 1165 2308 ι
1181 2277 1194 2308 c
1209 2275 1332 2326 presen·
1400 2271 1401 2292 ¹

213 2347 307 2392 tentnr
323 2340 436 2411 capitali
450 2341 602 2393 forestario
620 2350 718 2393 nostro
736 2359 798 2393 cum
813 2341 841 2392 in
856 2349 953 2410 partes
971 2340 1036 2392 illas
1054 2341 1162 2394 venerit
1176 2342 1211 2393 ad
1227 2349 1330 2392 tenen-

213 2423 279 2475 dum
291 2424 394 2494 placita
409 2426 525 2487 foreste,
542 2434 569 2477 et
583 2443 678 2478 coram
690 2443 725 2478 eo
738 2425 933 2478 terminentur.
952 2445 964 2476 v

248 2509 288 2560 Le
302 2517 389 2561 statut
400 2510 522 2579 reprend
536 2509 612 2560 alors
630 2517 657 2561 et
670 2509 799 2562 continue
814 2509 886 2561 ainsi
902 2530 906 2560 :

248 2593 328 2656 Quos
342 2601 434 2646 autem
449 2592 583 2646 articulos
600 2593 813 2664 suprascriptos
829 2593 949 2646 firmiter
964 2602 992 2646 et
1006 2592 1208 2646 inviolabiliter
1221 2593 1329 2646 obser·

212 2676 272 2728 vari
286 2677 415 2729 volumus
432 2687 459 2730 et
472 2677 572 2739 teneri,
587 2677 712 2730 volentes
728 2677 927 2731 nichilominus
944 2680 1020 2750 quod
1035 2677 1242 2747 perambulatio
1258 2679 1330 2740 fiat,

153 2767 169 2802 .’
197 2758 298 2811 ¹salvis
321 2777 434 2830 semper
452 2761 611 2830 juramento
634 2771 748 2825 nostro,
767 2763 832 2832 jure
855 2781 958 2816 corone
980 2771 1087 2825 nostre,
1111 2771 1139 2815 et
1161 2762 1330 2814 nacionibus

213 2843 320 2895 nostris
337 2854 420 2916 atque
436 2845 603 2916 calumpniis
619 2864 649 2898 ac
666 2847 791 2900 omnium
807 2847 944 2908 aliorum,
963 2846 1002 2898 ita
1021 2847 1098 2918 quod
1116 2845 1330 2917 perambulatio
1400 2817 1401 2890 i

213 2925 262 2978 illa
279 2927 361 2980 nobis
378 2938 541 3000 reportetur
556 2940 703 3002 antequam
721 2931 815 3003 aliqua
832 2932 964 2984 execucio
979 2931 1023 2983 vel
1042 2931 1148 3003 aliquid
1167 2931 1242 2984 aliud
1258 2931 1330 2984 inde

213 3010 278 3073 fiat;
295 3030 378 3082 quam
395 3013 509 3083 quidem
526 3014 802 3084 perambulacionem
816 3015 946 3068 volumus
964 3017 1039 3086 quod
1058 3015 1117 3076 fiat,
1137 3015 1210 3068 sicut
1226 3015 1331 3085 predi-

214 3094 296 3157 citur,
316 3096 350 3148 ad
370 3097 457 3149 cicius
475 3100 550 3169 quod
569 3099 632 3150 fieri
650 3100 765 3170 poterit,
786 3109 853 3170 post
871 3101 989 3170 negocia
1009 3118 1064 3172 que
1083 3099 1219 3152 habemus
1239 3117 1330 3170 expe·

214 3178 316 3231 dienda
333 3198 395 3232 cum
413 3182 521 3233 nunciis
537 3183 585 3253 qui
605 3184 640 3234 de
655 3185 781 3236 Romana
797 3185 876 3237 curia
896 3195 960 3237 sunt
979 3184 1106 3246 venturi;
1128 3202 1181 3254 que
1200 3201 1267 3236 vero
1290 3184 1331 3236 ita

215 3273 279 3314 sunt
293 3265 391 3326 ardua,
405 3267 481 3336 quod
497 3283 551 3318 non
564 3265 656 3318 solum
671 3265 722 3320 nos
736 3277 764 3319 et
778 3287 897 3338 regnum
911 3278 1049 3331 nostrum,
1065 3277 1109 3320 set
1122 3277 1209 3322 totam
1223 3268 1331 3320 Chris·
1400 3263 1401 3316 l

213 3346 368 3400 tianitatem
388 3349 560 3420 contingunt,
582 3359 609 3402 et
630 3352 716 3404 adea
737 3353 832 3406 sanius
852 3355 1052 3424 pertractanda
1069 3361 1159 3406 totum
1177 3351 1330 3406 consilium

214 3441 341 3484 nostrum
354 3432 459 3484 habere
474 3434 600 3504 plenarie
615 3434 785 3506 indigemus.
1400 3429 1401 3458 l

248 3515 284 3566 Et
300 3525 397 3586 preter
414 3518 625 3571 concessionem
642 3529 777 3582 nostram,
796 3521 897 3574 iactam
915 3521 988 3575 sicut
1007 3521 1140 3592 superius
1158 3521 1330 3592 exprimitur

215 3599 249 3650 de
265 3601 425 3669 premissis,
443 3600 573 3672 diligenti
588 3603 773 3656 meditacione
791 3605 971 3674 pensavimus
990 3607 1130 3677 quosdam
1141 3605 1215 3675 juris
1230 3606 1329 3659 defec-
1400 3595 1401 3672 l

215 3692 271 3745 tus,
289 3683 454 3738 multimoda
473 3687 635 3756 gravamina
653 3696 680 3739 et
699 3689 904 3758 oppressiones
922 3708 977 3761 que
996 3689 1129 3761 pluribus
1149 3690 1213 3742 aliis
1234 3691 1327 3744 modis

215 3768 324 3837 prelato
344 3769 451 3840 populo
472 3780 537 3823 sunt
556 3771 634 3824 illata
653 3771 830 3842 temporibus
852 3774 1020 3837 retroactis;
1043 3784 1071 3827 et
1091 3774 1219 3828 volumus
1241 3793 1329 3846 super

216 3852 274 3903 illis
291 3872 345 3925 que
360 3853 443 3906 nobis
458 3855 646 3908 occurrebant
661 3857 695 3908 ad
712 3874 841 3926 presens,
860 3859 895 3911 ad
913 3859 1113 3911 allevacionem
1128 3868 1155 3912 et
1172 3861 1329 3914 commodi·
1400 3875 1401 3968 p

216 3944 301 3990 tatem
323 3939 451 4008 ejusdem
473 3940 582 4010 populi,
606 3958 659 4010 pro
683 3941 756 4010 legis
779 3943 948 3996 certitudine
971 3943 1101 3996 stabilire
1124 3953 1151 3997 et
1172 3946 1328 3998 remedium

217 4040 359 4092 apponere
374 4023 403 4074 in
416 4023 489 4075 bunc
502 4025 625 4076 modum.

252 4107 314 4158 Suit
326 4106 353 4158 la
365 4109 486 4160 seconde
499 4108 591 4179 partie
603 4109 641 4161 du
655 4118 753 4172 statut,
766 4110 913 4182 &laquelle
925 4112 1003 4166 seule
1018 4114 1146 4167 convient
1159 4113 1185 4166 le
1197 4113 1264 4166 titre
1274 4133 1328 4186 que

215 4189 258 4244 les
277 4192 403 4245 editeurs
419 4194 568 4246 modernes
583 4193 624 4246 lui
638 4203 687 4248 ont
706 4196 797 4248 donae
817 4198 852 4248 de
874 4200 1017 4252 Statutum
1036 4197 1072 4252 de
1090 4199 1197 4270 finibus
1217 4197 1327 4253 levatis
1400 4195 1401 4270 l

1400 4275 1401 4324 l

1396 4563 1401 4864 ψ
