2796 4854
231 361 259 412 X.
273 389 303 398 —
320 345 510 409 notisnotis
528 359 572 407 DU
589 354 785 407 cantantur
800 354 947 420 (JUILLET
965 357 1035 422 1297)
1161 357 1189 405 77

120 568 269 634 Articuli
282 594 363 659 quos
383 571 514 633 comites
525 571 692 656 petierunt
706 571 835 632 nomine
854 567 1139 632 Communttatist.

117 766 186 828 Hec
208 777 285 827 sunt
299 775 494 827 nocumenta
507 785 571 850 que
585 761 843 850 archiepiscopi,
859 760 1022 850 episcopi,
1036 763 1186 842 abbateS,

75 865 223 954 priores,
248 864 403 943 comites,
425 865 566 929 barones
594 878 626 928 et
649 878 718 930 tota
742 877 830 928 terre
859 864 1077 929 communitas
1102 876 1190 929 terre

77 981 265 1033 monstrant
285 967 419 1031 domino
440 980 553 1031 nostro
572 966 659 1056 regi;
678 981 710 1030 et
730 965 901 1031 humiliter
920 981 1039 1056 rogant
1057 993 1132 1032 eum
1153 981 1189 1031 ut

77 1095 111 1134 ea
129 1072 170 1135 ad
191 1071 354 1134 honorem
374 1083 407 1136 et
427 1069 640 1134 salvationem
660 1070 775 1158 populi
802 1070 853 1133 sui
870 1069 949 1134 velit
970 1071 1138 1161 corrigere
1156 1084 1189 1134 et

78 1175 269 1239 emendare.

120 1317 148 1379 1.
178 1319 216 1380 In
236 1314 351 1403 primis
366 1314 498 1378 videtur
517 1314 579 1377 toti
599 1313 827 1379 communitati
843 1328 932 1379 terre
953 1316 1041 1403 quod
1062 1338 1191 1403 premo·

78 1418 181 1483 nitio²
200 1419 285 1482 facta
304 1417 352 1480 eis
369 1441 428 1505 per
443 1418 543 1481 breve
559 1405 685 1481 domini
702 1417 808 1480 nostri
829 1416 917 1506 regis
936 1442 1001 1482 non
1021 1431 1091 1482 erat
1111 1418 1191 1483 satis

78 1519 263 1598 sufficiens,
288 1521 365 1608 quia
389 1543 455 1583 non
481 1518 729 1608 exprimebatur
750 1533 860 1584 certus
885 1519 976 1583 locus
1000 1544 1065 1609 quo
1090 1521 1192 1585 debe·

78 1622 154 1686 bant
173 1622 241 1702 ire,
265 1622 341 1712 quia
363 1621 546 1686 secundum
568 1620 677 1686 locum
694 1622 869 1711 oportebat
889 1622 996 1687 facere
1014 1623 1192 1710 providen-

77 1724 153 1789 tiam
170 1739 204 1790 et
219 1725 395 1813 pecuniam
409 1725 546 1803 habere,
564 1738 596 1790 et
615 1724 682 1789 sive
699 1724 861 1788 deberent
882 1723 1050 1788 servitium
1071 1726 1190 1805 faeere,

79 1826 142 1891 sive
163 1851 243 1892 non.
272 1827 335 1891 Et³
359 1827 434 1915 quia
457 1827 581 1892 dictum
609 1841 659 1891 est
686 1827 907 1892 communiter
928 1827 1018 1916 quod
1038 1827 1193 1892 dominus

79 1943 189 1994 noster
203 1929 275 1994 vult
291 1929 457 1994 transiret
470 1929 504 1994 in
521 1932 546 1994 F
548 1929 722 2008 landriam,
737 1928 868 1994 videtur
881 1929 944 1993 toti
963 1931 1193 1994 communitati

79 2033 165 2117 quod
184 2033 234 2098 ibi
254 2056 321 2097 non
338 2032 462 2096 debent
478 2031 612 2121 aliquod
631 2031 800 2096 servitium
822 2032 940 2111 lacere,
957 2033 1035 2120 quia
1050 2057 1111 2098 nee
1127 2034 1192 2122 ipsi

81 2156 137 2197 neo
157 2137 415 2223 predecessores
435 2158 491 2198 seu
512 2135 744 2224 progenitores
763 2158 906 2224 unquam
927 2135 1077 2200 fecerunt
1096 2136 1194 2200 servi-

80 2234 157 2299 tium
180 2237 214 2300 in
242 2252 331 2301 terra
351 2236 424 2316 illa3
447 2250 479 2301 et
504 2236 651 2324 quamvis
677 2236 720 2300 ita
742 2251 831 2301 esset
853 2237 941 2325 quod
963 2238 1127 2302 deberent
1147 2237 1193 2303 ibi

82 2339 248 2404 servitium
278 2340 383 2403 facere
407 2338 480 2403 vel⁵
507 2338 603 2418 alibi,
630 2351 741 2402 tamen
766 2363 833 2404 non
858 2339 983 2404 habent
1004 2339 1195 2404 facultatem

81 2437 236 2520 faciendi,
257 2441 334 2530 quia
352 2440 451 2504 nimis
471 2439 584 2504 afflicti
606 2454 682 2505 sunt
701 2465 762 2529 per
781 2441 911 2506 diversa
928 2441 1081 2533 tallagia,
1102 2442 1195 2506 auxi·

81 2540 137 2620 lia,
161 2544 286 2631 prisas,
313 2542 467 2607 videlicet
493 2543 535 2606 de
560 2543 687 2614 avenis.
713 2544 904 2625 frumentis,
931 2545 1068 2623 braseo,
1090 2544 1193 2623 lanis,

82 2643 193 2726 coriis,
213 2646 335 2722 bobus,
357 2645 482 2724 vaccis,
503 2645 657 2710 carnibus
676 2646 788 2726 salsis,
812 2646 883 2712 sine
907 2646 1071 2712 solutione
1091 2647 1195 2712 aliou-

80 2745 128 2830 jus
147 2746 293 2827 denarii,
314 2747 492 2835 dequibus
513 2745 697 2812 debuerant
718 2773 753 2812 se
770 2763 990 2814 sustentasse.

122 2888 151 2952 2.
179 2893 297 2956 Preter
320 2891 381 2954 hec
403 2890 518 2954 dicunt
541 2890 631 2980 quod
653 2891 809 2956 auxilium
831 2893 938 2958 facere
961 2917 1026 2958 non
1052 2908 1194 2982 possunt

82 3006 214 3079 propter
233 3007 463 3081 paupertatem
484 2993 519 3057 in
541 3018 604 3081 qua
624 3007 700 3057 sunt
723 3008 861 3084 propter
882 2995 1017 3085 tallagio
1036 3008 1068 3059 et
1087 2997 1195 3084 prisas

83 3094 279 3174 antedictas,
304 3095 381 3183 quia
406 3097 459 3160 vix
483 3096 607 3160 habent
633 3097 720 3160 unde
744 3121 779 3160 se
808 3110 1013 3177 sustentent3
1043 3111 1075 3161 et
1100 3097 1194 3162 multi

84 3209 155 3260 sunt
180 3198 237 3287 qui
271 3198 395 3261 nullam
425 3197 700 3263 sustentationem
730 3200 855 3265 habent
888 3225 949 3267 nce
982 3214 1088 3265 terras
1120 3225 1195 3265 suas

62 3316 65 3321 ·
85 3297 189 3365 colere
209 3313 362 3389 possunt.

123 3438 154 3503 3.
180 3444 298 3507 Preter
317 3443 391 3522 hee,
407 3455 477 3506 tota
496 3444 712 3508 communitas
729 3458 817 3508 terre
836 3444 937 3508 sentit
955 3469 989 3508 se
1007 3444 1103 3509 valde
1122 3467 1194 3535 gra·

84 3555 183 3608 vatam
202 3544 281 3634 quia
300 3569 367 3610 non
392 3558 552 3609 tractatur
572 3546 753 3610 secundum
772 3546 863 3636 leges
882 3559 915 3610 et
934 3546 1194 3612 consuetudines

85 3653 182 3725 terre,
213 3647 397 3711 secundum
425 3673 507 3736 quas
530 3650 666 3712 tractari
694 3663 921 3713 antecessores
948 3650 999 3713 sui
1025 3650 1193 3729 solebant,

89 3807 314 3828 —————

114 3905 134 3953 1.
149 3909 221 4016 ΙΒᾶιξιει
239 3911 475 3994 Rishange1·„cette
491 3885 618 4022 rubriipue
633 3919 673 3960 est
689 3911 823 3986 differente
838 3927 844 3958 ι
858 3910 993 3959 Petiliouea
1008 3911 1196 3958 communitatis

87 3975 496 4144 '‘{l'ppi‘llpfflffjlllllniill
508 3975 838 4102 lsslelllslllffinghm'

132 4131 136 4140 -
187 4133 191 4143 .
207 4113 212 4145 ε
227 4115 239 4145 e
263 4115 339 4148 omis.

115 4156 136 4263 ἓ.
153 4158 192 4267 {g
226 4164 401 4272 ἰνίαπείνείανο,
416 4162 484 4211 ainsi
496 4180 546 4228 que
557 4164 689 4226 plusieurs
701 4162 833 4212 variantes
846 4160 892 4207 des
906 4176 970 4208 mss.
984 4159 1015 4209 de
1030 4160 1133 4212 Trevet.
