2832 4868
220 344 265 391 lv.
286 370 313 378 -
331 330 486 390 Phalaron
505 342 566 390 Das
585 341 713 389 BARONS
732 342 751 386 Α
768 337 847 388 JEAN
866 339 946 387 SANS
964 341 1071 389 TERRE
1175 342 1203 387 17

72 460 350 546 presentatione,
373 482 435 522 nec
453 458 572 545 aliquis
593 458 635 520 ob
652 458 714 520 hoe
733 455 776 520 sit
794 456 1015 520 summonitus
1034 457 1099 521 nisi
1111 459 1202 542 jura-

72 573 162 624 tores
179 573 214 623 et
232 560 298 624 due
318 571 440 646 partes.

115 701 150 774 9.
180 705 229 768 Ut
251 701 338 765 liber
358 701 457 764 homo
477 701 675 765 amercietur
689 722 750 787 pro
765 723 864 786 parvo
882 697 1004 763 delicto
1022 699 1204 765 secundum

74 803 213 867 modum
236 801 370 881 delicti,
389 815 432 879 et,
455 827 515 889 pro
534 825 653 888 magno
674 798 812 879 delicto,
836 800 1019 866 secundum
1042 801 1203 892 maguitu-

74 903 190 968 dinem
235 903 367 983 delicti,
407 903 496 967 salvo
534 903 783 967 continemento
820 926 896 981 su0;
931 902 1072 966 villanus
1106 903 1204 966 etiam

75 1006 193 1070 eodem
219 1005 320 1069 modo
343 1003 554 1084 amercietur,
581 1004 670 1068 salvo
692 1005 864 1092 waynagio
888 1028 965 1084 suo,
989 1017 1022 1068 et
1042 1017 1205 1068 mercator

75 1107 194 1170 eodem
213 1106 332 1184 modo,
350 1106 436 1168 salva
454 1105 676 1184 marcandisa,
690 1129 750 1193 per
765 1118 1007 1169 sacramentum
1023 1107 1204 1194 proborum

75 1208 253 1272 hominum
275 1209 316 1273 de
336 1207 477 1272 visneto.

121 1349 173 1414 10.
202 1353 248 1416 Ut
270 1348 411 1413 clericus
433 1347 634 1412 amercietur
654 1349 695 1412 de
716 1348 800 1412 laico
823 1347 921 1412 seodo
941 1372 1001 1412 suo
1022 1350 1204 1415 secundum

76 1451 209 1516 modum
233 1451 374 1515 aliorum
395 1449 635 1539 predictorum,
658 1462 690 1514 et
709 1473 776 1513 non
798 1449 981 1514 secundum
1002 1451 1201 1516 beneficium

78 1553 358 1618 ecclesiasticum.

122 1697 175 1760 11.
203 1699 255 1764 Ne
274 1696 384 1783 aliqua
402 1694 479 1760 villa
497 1693 694 1758 amercietur
714 1717 775 1781 pro
795 1693 954 1782 pontibus
976 1695 1138 1759 faciendis
1160 1695 1201 1758 ad

80 1799 232 1886 ripariae,
252 1797 319 1861 nisi
337 1798 394 1860 ubi
410 1797 451 1860 de
465 1799 539 1882 jure
557 1796 740 1882 antiquitus
757 1820 833 1860 esse
852 1796 1016 1861 solebant.

123 1953 175 2018 12.
203 1957 250 2020 Ut
272 1977 425 2017 mensura
447 1953 533 2031 vini,
557 1951 664 2032 bladi,
687 1964 720 2016 et
742 1951 936 2015 latitudines
962 1976 1148 2040 pannorum
1172 1964 1206 2015 et

82 2080 190 2121 rerum
211 2056 365 2135 aliarum,
389 2055 602 2133 emendetur3
623 2068 656 2118 et
675 2055 721 2118 ita
740 2055 781 2118 de
796 2053 1014 2142 ponderibus.

124 2211 174 2278 13,
204 2215 250 2278 Ut
272 2210 374 2276 assise
391 2212 432 2275 de
453 2234 534 2274 nova
551 2207 727 2274 dissaisina
745 2209 833 2272 etde
853 2220 958 2272 morte
980 2207 1202 2272 antecessoris

83 2313 336 2393 abbrevientur3
354 2326 386 2378 et
404 2311 557 2376 similiter
573 2312 614 2375 de
633 2311 705 2375 aliis
722 2309 848 2374 assisis.

125 2467 176 2532 14.
204 2471 250 2534 Ut
275 2466 386 2530 nullus
414 2465 598 2530 vicecomes
631 2463 831 2529 intromittat
856 2488 890 2527 se
926 2463 967 2526 de
997 2463 1129 2551 placitis
1161 2463 1203 2526 ad

83 2591 235 2634 coronam
258 2567 504 2656 pertinentibus
526 2568 596 2630 sinc
619 2567 894 2645 coronatoribus;
919 2577 952 2628 et
973 2577 1009 2627 ut
1029 2566 1203 2628 comitatus

84 2683 113 2732 et
124 2669 293 2736 hundredi
309 2670 374 2733 sint
390 2669 430 2734 ad
446 2671 597 2757 antiquas
609 2668 720 2732 firmas
737 2668 862 2756 absque
875 2666 966 2730 nullo
979 2665 1199 2744 increment0‚

84 2775 227 2861 exceptis
244 2771 422 2836 dominicis
442 2773 597 2840 maneriis
618 2773 720 2860 regie.

128 2928 179 2992 15.
208 2929 244 2993 Si
265 2927 383 3018 aliquis
405 2940 522 2991 tenens
542 2927 582 2990 de
598 2951 676 3015 rege
695 2927 865 3004 moriatur,
884 2923 999 2988 licebit
1016 2923 1203 2988 vicecomiti

83 3028 131 3090 vel
147 3030 201 3094 alii
216 3028 346 3095 ballivo·
356 3029 445 3118 regis
463 3029 579 3092 saisire
597 3041 630 3092 et
644 3027 840 3090 imbreviare
854 3026 1007 3090 catallum
1023 3025 1129 3115 ipsius
1143 3051 1204 3113 per

83 3129 184 3194 visum
204 3131 361 3221 legalium
380 3132 563 3209 hominum,
585 3129 629 3192 ita
651 3143 760 3192 tamen
782 3128 871 3215 quod
890 3127 994 3190 nichil
1014 3127 1093 3191 inde
1111 3150 1202 3190 amo-

85 3245 205 3312 veatur,
233 3233 343 3296 donec
368 3233 499 3320 plenius
528 3232 650 3295 sciatur
678 3232 704 3294 si
734 3231 854 3294 debeat
878 3228 1014 3316 aliquod
1038 3227 1202 3315 liquidum

87 3331 232 3398 debitum
256 3331 391 3398 domino
414 3334 499 3423 regi,
526 3346 559 3397 et
582 3347 661 3396 tunc
686 3332 835 3396 debitum
857 3330 945 3420 regis
971 3331 1201 3418 persolvatur3

88 3433 252 3498 residuum
270 3459 346 3498 vero
367 3434 573 3521 relinquatur
591 3433 821 3498 executoribus
840 3433 880 3497 ad
897 3431 1084 3496 faciendum
1099 3444 1203 3496 testa-

88 3553 228 3604 mentum
253 3539 419 3620 defuncti3
443 3552 476 3603 et
498 3539 524 3603 si
552 3539 654 3603 nichil
678 3541 749 3630 regi
772 3539 925 3620 debetur,
951 3538 1060 3603 omnia
1086 3538 1203 3604 catalla

88 3652 201 3718 cedant
217 3655 388 3720 defuncto.

130 3793 179 3859 16.
208 3797 243 3862 si
261 3797 380 3884 aliquis
397 3797 482 3861 liber
501 3799 601 3862 homo
619 3796 795 3862 intestatus
815 3797 1014 3876 decesserit,
1037 3797 1125 3860 bona
1144 3819 1203 3860 sua

89 3915 143 3979 per
164 3921 296 3963 manum
318 3901 543 3986 proximorum
565 3913 739 3987 parentum
759 3923 892 3964 suorum
913 3910 946 3962 et
966 3899 1144 3962 amicorum
1169 3911 1202 3961 et

93 4001 267 4080 pervisum
285 4000 426 4066 ecclesie
446 4001 700 4066 distribuantur.

131 4150 180 4216 17.
206 4157 255 4222 Ne
270 4156 367 4220 vidue
383 4155 626 4246 distringantur
640 4157 681 4221 ad
697 4181 731 4221 se
744 4153 976 4237 maritandum,
994 4155 1072 4220 dum
1087 4152 1197 4218 volue-

162 4293 185 4334 G.
200 4296 295 4339 Biuonr.
310 4317 338 4332 -
348 4297 430 4337 Chanes
440 4297 473 4337 des
487 4296 563 4339 liberte‘s
573 4299 679 4352 anglaises.
813 4287 815 4290 ⁵
1136 4293 1149 4331 2
