2832 4868
184 329 200 374 4
441 329 590 378 cataras
608 329 670 378 DES
688 318 847 378 LIBERTES
865 329 1046 378 ANGLAISES

187 446 313 534 neptim
326 444 350 522 ¹,
373 445 440 509 sive
462 459 654 536 cognatam,
676 471 804 511 mecum
825 447 903 512 inde
922 447 1095 534 loquatur3
1121 448 1182 511 sed
1201 471 1313 535 neque

186 572 248 638 ego
266 546 390 634 aliquid
410 547 451 611 de
474 572 533 612 suo
554 573 615 636 pro
631 550 693 612 hac
713 547 845 612 licentia
865 548 1042 636 accipiam,
1061 573 1172 637 neque
1192 551 1314 614 desen-

186 649 261 713 darn
276 647 305 712 ei
323 648 403 736 quin
418 673 489 712 eam
505 648 574 726 det,
589 662 730 738 excepto
746 651 773 713 si
783 649 882 736 cutm]
897 650 996 713 vellet
1008 651 1154 737 jungere
1172 651 1314 714 inimico

188 776 271 817 meo.
287 753 328 815 Et
341 749 381 828 si,
398 763 527 815 mortuo
543 753 668 816 barone
685 752 753 815 sive
765 751 778 794 '²
792 751 856 815 alio
873 751 1006 815 homine
1020 776 1107 829 meo,
1125 753 1193 816 filia
1209 754 1311 819 heres

186 852 395 930 remanserit,
414 853 502 916 illam
521 853 607 918 dabo
624 853 764 917 consilio
783 855 945 917 baronum
964 879 1109 918 meorum
1128 879 1204 918 cum
1219 869 1310 918 terra

186 979 255 1018 sua.
268 958 309 1018 Et
322 954 362 1032 si,
380 968 509 1018 mortuo
525 957 595 1020 viro
608 957 632 1032 ³,
650 980 731 1018 uxor
747 957 818 1041 ejus
836 955 1031 1018 remanserit
1048 969 1080 1019 et
1100 957 1173 1020 sine
1189 955 1310 1020 liberis

188 1059 303 1136 fuerit,
327 1058 439 1121 dotem
461 1081 550 1121 suam
575 1070 607 1122 et
628 1056 893 1121 maritationem⁴
910 1058 1066 1135 habebit;
1092 1071 1125 1122 et
1148 1082 1221 1122 eam
1241 1083 1311 1122 non

188 1157 274 1221 dabo
292 1157 425 1235 marito,
443 1159 506 1222 nisi
526 1159 709 1222 secundum
726 1158 810 1222 velle
826 1183 931 1222 suum.

232 1304 264 1366 4.
293 1305 328 1368 Si
342 1327 420 1366 vero
437 1328 517 1366 uxor
533 1328 607 1366 cum
627 1303 742 1368 liberis
760 1304 967 1382 remanserit,
987 1304 1098 1368 dotem
1118 1304 1256 1392 quidem
1276 1317 1311 1369 et

188 1406 454 1486 maritationcmf’
481 1405 618 1468 habebit
643 1406 720 1469 dum
744 1429 864 1493 corpus
897 1429 992 1471 suum
1018 1404 1168 1494 legitime
1195 1431 1309 1470 serva·

186 1508 269 1571 verit
282 1507 309 1584 ⁶,
326 1518 359 1570 et
373 1530 444 1570 eam
463 1531 528 1570 non
541 1505 638 1582 dabo,
656 1507 718 1570 uisi
734 1507 916 1570 secundum
931 1507 1015 1571 velle
1032 1531 1148 1586 suum;
1167 1521 1200 1572 et
1216 1522 1309 1572 terre

186 1622 219 1672 et
234 1608 414 1672 liberorum
432 1622 543 1672 custos
560 1609 622 1672 erit
639 1608 706 1672 sive
724 1633 817 1686 uxor,
836 1609 903 1672 sive
919 1609 1001 1672 alius
1018 1610 1281 1698 propinquamus
1298 1611 1311 1653 7

186 1710 242 1798 qui
267 1709 416 1796 justius8
444 1734 517 1774 esse
546 1710 676 1774 debeat.
711 1713 751 1773 Et
778 1709 928 1798 precipio
955 1711 1044 1798 quod
1070 1712 1213 1774 barones
1242 1713 1309 1774 mei

186 1813 339 1876 similiter
357 1837 391 1876 se
411 1814 605 1876 contineant
627 1837 704 1901 erga
721 1813 806 1876 filios
825 1813 876 1876 vel
897 1812 981 1876 filias
1004 1825 1037 1876 et
1060 1837 1179 1876 uxores
1201 1813 1309 1876 homi·

186 1939 264 1979 num
281 1939 426 1978 suorum.

230 2058 262 2120 5.
288 2057 514 2145 Monetagium
536 2080 725 2132 commune,
749 2055 838 2143 quod
858 2054 1050 2142 capiebatur
1073 2080 1133 2143 per
1152 2055 1308 2120 civitates

186 2160 242 2222 et9
257 2160 443 2236 comitatus,
463 2157 552 2245 quod
568 2181 633 2221 non
651 2158 712 2221 snit
726 2170 877 2244 tempore
894 2159 983 2246 regis
1006 2156 1219 2236 Eduuardiw,
1242 2160 1310 2222 hoe

187 2285 227 2324 ne
251 2259 369 2324 amodo
388 2260 458 2323 sit¹¹
476 2259 612 2342 omnino
629 2259 784 2323 defendo.
806 2259 839 2323 Si
862 2259 935 2346 quis
957 2272 1073 2346 captus
1094 2259 1211 2337 fuerit,
1239 2260 1309 2324 sive

187 2364 406 2440 monetarius,
438 2361 504 2425 sive
530 2361 629 2445 alius,
664 2386 736 2426 cum
767 2361 847 2424 salsa
876 2375 1024 2439 moneta,
1052 2360 1188 2448 justicia
1216 2376 1309 2428 recta

186 2466 264 2529 inde
282 2465 349 2528 fiat.

229 2608 261 2671 6.
290 2610 409 2672 Omnia
435 2606 557 2694 placita
582 2619 614 2670 et
636 2607 746 2669 omnia
768 2604 881 2668 debita
903 2629 967 2692 que
990 2604 1081 2668 fratri
1104 2629 1178 2668 meo
1202 2607 1309 2670 debe-

185 2711 338 2775 bancort?
355 2710 526 2788 condono,
550 2710 697 2796 exceptis
717 2707 816 2770 rectis
836 2707 938 2770 firmis
959 2707 1082 2784 meis¹3,
1107 2720 1139 2770 et
1156 2710 1309 2796 exceptis

185 2812 251 2876 illis
272 2837 336 2900 que
354 2825 449 2900 pacta
469 2823 563 2874 eraut
581 2835 641 2898 pro
662 2808 800 2872 aliorum
821 2810 1080 2887 hereditatibus,
1104 2809 1157 2874 vel
1176 2835 1238 2896 pro
1261 2813 1309 2874 eis

140 2955 143 2960 -
186 2917 363 3001 rebusque
378 2913 499 3000 justius
516 2913 588 2976 aliis
606 2911 858 3001 contingebant.
878 2915 918 2974 Et
936 2914 962 2974 si
980 2911 1053 2998 quis
1070 2917 1155 2999 [pro]
1169 2912 1194 2956 14
1209 2915 1308 2978 here-

1181 3075 1307 3090 -q-

297 3175 327 3220 R.
342 3189 375 3220 a:
390 3189 421 3218 ne
439 3179 495 3220 tem.

296 3237 325 3283 R.
337 3250 370 3281 a:
385 3252 430 3288 ve,
442 3242 466 3282 et
478 3235 613 3296 supprime
627 3251 681 3280 meo
694 3235 772 3296 apres
783 3233 890 3281 bomine.

298 3299 327 3344 R.
340 3297 485 3344 a1marr'to.

296 3362 324 3406 R.
337 3375 369 3406 a:
384 3359 468 3406 dotem
482 3365 505 3404 et
518 3357 711 3405 maritacionem
724 3375 806 3405 ειιαιιι.

296 3423 325 3468 R.
340 3421 443 3484 ajoute:
457 3437 529 3466 sitam
542 3427 567 3466 et
579 3423 666 3483 re'pete
679 3437 743 3468 uxor
754 3423 831 3482 upr'es
844 3422 912 3468 dum.

297 3485 325 3531 R.
341 3499 376 3530 a:
390 3483 510 3529 servabit.

304 3548 369 3592 R.a
355 3546 619 3628 atpropr'nquorum.
641 3544 842 3608 Propinquarias
862 3551 902 3592 est
920 3560 981 3592 sans
1003 3544 1080 3589 doute
1098 3559 1148 3589 une
1170 3549 1309 3596 mauvaisc

216 3175 238 3221 Ι.

215 3238 237 3282 2.

215 3303 238 3344 3

215 3362 238 3406 4.

215 3426 237 3468 5.

215 3487 238 3530 6.

215 3547 237 3591 7.

211 3625 223 3653 c

257 3175 284 3222 L

257 3237 284 3282 Ι..

258 3299 285 3345 L.

256 3360 284 3406 L.

256 3423 283 3468 L

257 3484 285 3529 L

256 3546 284 3591 L

256 3623 291 3653 r.

186 3609 291 3716 lebtuLe.
296 3670 354 3718 R.n
340 3669 465 3732 injustus
478 3675 503 3716 et
513 3668 613 3715 debebit
628 3685 660 3714 au
673 3669 725 3715 lieu
737 3669 768 3714 de
782 3668 881 3715 debeat.

215 3735 238 3777 9.
258 3733 284 3778 L.
298 3734 326 3779 R.
340 3732 445 3794 ajoute:
454 3749 510 3794 per.

184 3795 352 3903 Ebiwiiiabi
368 3795 485 3849 aillcurs,
506 3794 532 3839 L.
556 3794 584 3840 R.
604 3793 687 3839 donne
704 3809 754 3839 une
777 3775 858 3840 forme
880 3792 924 3856 qui
945 3794 1032 3853 paruit
1050 3791 1111 3852 plus
1133 3794 1307 3859 arrhat'que:

216 3919 253 3964 n.
272 3919 299 3964 Ι..
312 3920 340 3966 R.
356 3933 387 3965 a:
401 3919 457 3978 fiat.

216 3981 253 4026 42
274 3981 301 4026 L.
313 3983 342 4028 R.
357 3996 388 4027 a:
403 3981 494 4026 debent
484 3985 533 4026 tar.

215 4042 254 4088 13.
272 4044 300 4090 Ι..
314 4045 342 4090 R
355 4049 443 4089 omet.
460 4043 534 4096 meir,
549 4040 1046 4103 motquiestindispensableauseris.

215 4105 252 4150 14.
272 4107 298 4152 L.
317 4108 346 4153 R.
365 4107 468 4168 ajoute:
477 4121 538 4168 pro,
553 4119 597 4166 qur
611 4109 650 4150 est
663 4103 859 4164 indispensable
872 4120 905 4150 uu
919 4119 986 4158 sens
1001 4107 1026 4148 et
1041 4106 1093 4147 met
1110 4099 1216 4164 aliquid
1229 4111 1308 4170 apr'es

185 4166 249 4226 qais.
