2796 4854
1377 229 1380 350 l

234 351 264 400 66
487 349 637 402 cataras
656 337 893 402 cristianitatis
911 350 1092 402 anctlrsns

277 467 310 536 4.
334 465 599 556 Archiepiscopi,
622 468 784 559 episcopi,
803 469 951 548 abbates,
968 469 1114 560 priores,
1134 471 1273 536 comitesl
1291 485 1320 536 et
1378 413 1380 518 l

233 572 374 638 barones
392 583 425 636 et
439 569 560 635 milites
575 583 607 636 et
624 569 730 636 libere
742 584 907 652 tenentes,
923 573 980 660 qui
993 573 1112 638 boscos
1129 597 1202 638 suos
1214 575 1320 638 habent
1378 603 1380 712 p

233 672 268 738 in
292 673 442 752 forestis,
464 673 609 737 habeant
628 673 748 740 boscos
768 697 846 740 suos
869 673 954 741 sicut
975 699 1032 740 eos
1054 676 1235 740 habuerunt
1250 690 1320 740 tem·
1378 713 1380 754 2

233 801 314 866 pore
333 777 440 866 prime
459 773 691 840 coronationis
711 775 874 866 predicti²
894 777 982 868 regis
1000 777 1134 842 Henrici
1154 777 1201 843 avi
1219 779 1319 849 nostri,
1379 763 1380 842 l

233 879 279 944 ita
303 878 393 968 quod
417 877 521 967 quieti
546 876 665 943 sintin
689 893 885 970 perpetuum
905 880 947 944 de
969 881 1124 945 omnibus
1150 894 1322 969 purprestu-

235 981 292 1061 ris,
308 980 410 1045 vastis
425 993 458 1044 et
474 981 608 1046 assartis
629 981 723 1046 factis
740 983 775 1046 in
794 980 859 1046 illis
880 979 1003 1061 boscis,
1022 995 1099 1070 post
1115 981 1195 1047 illud
1211 996 1323 1071 tempus
1378 989 1380 1032 l

233 1107 338 1172 usque
362 1083 403 1147 ad
426 1081 627 1171 principium
652 1082 789 1151 secundi
810 1085 887 1148 anni
907 1083 1138 1150 coronacionis
1160 1097 1269 1150 nostre.
1290 1088 1325 1149 Et
1379 1113 1380 1136 i

234 1186 354 1274 quide
382 1197 493 1250 cetero
522 1186 686 1264 vastum³‚
709 1198 976 1274 purpresturam,
1005 1186 1057 1252 vel
1087 1200 1240 1252 assartum
1263 1187 1325 1251 sine
1377 1153 1380 1254 l

234 1287 372 1354 licencia
390 1299 503 1352 nostra
519 1287 553 1351 in
573 1287 638 1352 illis
661 1287 815 1366 fecerint,
838 1288 880 1353 de
897 1287 998 1352 vastis
1015 1301 1049 1353 et
1064 1288 1195 1356 assartis
1209 1313 1325 1378 respon·

233 1390 346 1456 deant.

279 1533 310 1598 5.
338 1531 568 1622 Reguardores
596 1531 700 1596 nostri
730 1543 806 1596 eant
835 1555 894 1620 per
924 1532 1063 1597 forestas
1093 1531 1134 1598 ad
1160 1531 1326 1597 faciendum

234 1633 434 1726 reguardum
453 1633 539 1698 sicut
555 1632 625 1697 fieri
645 1633 815 1698 consuevit
831 1647 982 1722 tempore
995 1635 1100 1723 prime
1119 1635 1328 1718 coronaciouis

234 1735 376 1828 predicti
395 1735 483 1824 regis
501 1734 634 1800 Henrici
656 1737 705 1800 avi
723 1737 842 1815 nostri,
859 1748 892 1800 et
910 1759 975 1800 non
998 1735 1104 1800 aliter.

279 1884 309 1944 6.
337 1876 535 1966 Inquisicio,
551 1877 602 1941 vel
621 1877 711 1942 visus
732 1877 773 1941 de
794 1877 1044 1966 expeditacione
1062 1901 1179 1942 canum
1200 1875 1329 1940 existen·
1379 1897 1380 1906 ¹

234 1982 320 2046 cium
334 1981 366 2044 in
386 1980 518 2056 foresta,
536 1979 690 2043 decetero
708 1978 763 2044 fiat
778 1979 911 2068 quando
929 1980 1029 2044 debet
1046 1979 1115 2044 lieri
1135 1979 1327 2070 reguardum,
1378 1949 1380 2080 l

234 2082 360 2148 scilicet
381 2082 423 2146 de
442 2080 546 2145 tercio
565 2105 652 2145 anno
674 2079 708 2144 in
733 2081 873 2146 tercium
896 2105 1036 2162 annum3
1059 2096 1091 2146 et
1113 2095 1190 2147 tunc
1209 2082 1263 2145 fiat
1281 2104 1330 2169 per

233 2186 338 2251 visum
359 2198 391 2249 et
414 2185 640 2249 testimonium
661 2183 817 2273 legalium
841 2184 1013 2250 hominum
1037 2199 1071 2250 et
1091 2209 1157 2250 non
1178 2185 1279 2248 aliter.
1298 2185 1330 2246 Et

234 2289 302 2368 ille,
318 2291 411 2375 cujus
427 2286 518 2351 canis
533 2288 686 2352 inventus
700 2285 800 2351 fuerit
813 2299 891 2352 tunc
905 2311 971 2353 non
983 2287 1204 2377 expeditatus,
1217 2288 1270 2352 det
1281 2309 1330 2374 pro

233 2387 459 2456 misericordia
480 2401 547 2452 tres
570 2387 713 2468 solidos3
735 2401 767 2452 et
786 2388 827 2453 de
852 2401 963 2454 cetero
985 2390 1096 2454 nullus
1117 2390 1176 2455 bos
1199 2389 1331 2477 capiatur

233 2517 294 2584 pro
316 2489 578 2580 expeditacione.
600 2489 688 2556 Talis
709 2504 817 2556 autem
840 2493 883 2555 sit
904 2492 1112 2580 expeditacio
1134 2515 1194 2580 per
1211 2491 1330 2555 assisam

234 2600 452 2666 communiter
469 2598 557 2686 quod
573 2610 640 2662 tres
654 2596 756 2662 ortilli
771 2597 987 2662 abscidantur
1002 2600 1071 2685 (sic)
1088 2597 1159 2663 sine
1178 2598 1283 2687 pelota
1298 2595 1331 2658 de

233 2703 319 2791 pede
343 2700 521 2780 anteriori;
545 2723 606 2764 nec
626 2699 861 2787 expediteutur
885 2724 983 2765 canes
1008 2700 1050 2764 de
1075 2712 1198 2779 cetero,
1223 2697 1283 2763 nisi
1305 2697 1329 2759 in

233 2804 315 2870 locis
334 2804 391 2868 ubi
408 2814 651 2868 consueverunt
668 2800 851 2890 expeditari
870 2814 1019 2891 tempore
1035 2803 1142 2890 prime
1157 2800 1331 2867 coronacio-

234 2908 285 2972 nis
303 2905 391 2998 regis
409 2904 543 2970 Henrici
561 2905 610 2969 avi
626 2905 744 2968 nostri.

1377 2459 1379 2488 l

278 3049 309 3115 7.
336 3047 453 3115 Nullus
482 3046 675 3113 forestarius
703 3047 754 3112 vel
782 3045 933 3111 bedellus
961 3046 1115 3111 dccetero
1148 3045 1246 3110 faciat
1272 3067 1332 3109 sco-

232 3154 297 3219 tale
307 3152 332 3232 ⁴,
352 3151 403 3216 vel
427 3149 563 3240 colligat
586 3150 723 3240 garbas,
750 3149 801 3214 vel
828 3173 979 3228 avenam,
1002 3148 1053 3213 vel
1079 3147 1213 3213 bladum
1237 3145 1331 3220 aliud,

232 3256 283 3320 vel
301 3275 419 3344 agnos,
440 3253 492 3317 vel
512 3251 695 3340 porcellos,
717 3276 779 3316 nec
799 3250 942 3340 aliquam
963 3251 1135 3315 collectam
1156 3251 1290 3328 faciant;
1308 3258 1333 3309 et

232 3382 292 3447 per
317 3357 422 3420 visum
443 3368 476 3419 et
496 3366 735 3419 sacramentum
754 3353 930 3418 duodecim
954 3353 1193 3443 reguardorum
1215 3348 1333 3442 quando

233 3461 353 3525 facient
368 3457 579 3548 reguardum,
596 3468 645 3520 tot
660 3455 824 3521 forestarii
840 3468 1008 3543 ponantur
1023 3454 1065 3520 ad
1082 3455 1222 3519 forestas
1239 3463 1332 3518 custo·

233 3562 389 3640 diendas,
411 3573 492 3649 quot
518 3559 559 3623 ad
586 3559 659 3622 illas
682 3557 916 3624 custodiendas
939 3555 1184 3622 rationabiliter
1202 3554 1333 3621 viderint

233 3665 395 3731 sufficere.

235 3804 1328 3830 ——----—-----—-—--—-—-——-—--
1374 3803 1375 3806 ,

262 3901 284 3949 l.
303 3901 373 3948 Dans
386 3901 446 3947 1225
460 3915 465 3946 :
479 3899 589 3956 comites,
605 3898 726 3956 barones,
740 3896 845 3955 milites,
862 3895 940 3944 libere
952 3901 1077 3952 tenentes,
1092 3894 1138 3957 qui
1149 3894 1245 3942 frabent
1261 3894 1333 3940 boreos

230 3979 290 4011 artos
300 3963 326 4011 in
337 3962 448 4028 [orestis.

263 4029 286 4074 2.
304 4025 414 4074 Predictr
428 4031 468 4072 est
480 4024 546 4071 ornis
561 4022 627 4070 daus
641 4023 709 4070 1225.
1314 4075 1317 4084 Ι

263 4091 285 4137 3.
305 4089 373 4136 Dans
387 4089 446 4135 1225
461 4103 466 4134 :
485 4091 586 4134 Ventum
602 4084 842 4148 velpurprestnram
854 4082 908 4128 aine
925 4081 1031 4130 licencia
1041 4085 1129 4130 nostra
1145 4080 1170 4128 in
1185 4080 1238 4130 illis
1249 4079 1331 4145 secent,

234 4151 272 4198 vel
287 4157 419 4206 essartum,
436 4150 468 4197 de
481 4149 566 4204 vastia,
578 4146 752 4211 purpresturia
763 4151 787 4193 et
800 4144 905 4194 essartis
918 4144 1095 4208 respondeant.

262 4217 286 4264 4.
306 4214 447 4262 translatu
462 4229 467 4260 ;
480 4210 610 4259 scotallaa.
