2870 4866
199 328 243 392 l10
453 329 602 395 tuturus
619 331 681 394 nes
697 333 859 396 uiuunrns
876 337 1059 398 iuenntses

294 862 409 935 xvn.
432 903 481 916 -
507 864 658 936 nuum
686 865 753 937 nu
781 866 901 937 rnen
931 826 1216 943 cntn'nnrv

489 1078 658 1119 ANNULANT
682 1081 721 1119 LA
745 1081 871 1120 GRANDE
896 1081 1018 1122 cunum!

586 1303 634 1383 (29
649 1306 811 1366 decembre
829 1307 927 1385 1305.)

235 1727 359 1789 Comme
370 1731 398 1788 la
410 1731 492 1790 bulle
508 1731 688 1791 d'lnnoeent
699 1732 755 1802 ΙΙΙ,
768 1733 843 1790 celle
857 1735 894 1792 de
907 1733 1082 1793 ClementV
1094 1755 1110 1792 a
1127 1736 1174 1792 ete
1190 1735 1316 1813 publice
1421 1717 1422 1758 Ι

195 1824 350 1902 plusieurs
363 1826 432 1883 fois.
447 1825 513 1883 Elle
527 1844 559 1884 se
573 1837 680 1886 trouve
691 1827 767 1884 dans
782 1827 826 1885 les
840 1826 980 1885 diverses
996 1827 1128 1886 editions
1143 1830 1180 1886 de
1198 1829 1317 1906 Rymer

196 1917 222 1996 (t
245 1918 273 1975 la
301 1917 390 1998 date).
416 1918 501 1978 Nous
521 1939 559 1976 ne
584 1919 701 1977 l'avons
727 1940 783 1998 pas
810 1924 936 1979 trouvee
963 1921 1158 1980 mentionnee
1181 1923 1257 1980 dans
1287 1922 1316 1980 le

194 2017 349 2089 Regestum
375 2015 531 2070 Clementis
555 2017 660 2088 Papae
685 2011 813 2091 V(t0me
839 2013 862 2082 l,
886 2015 984 2093 1885).
1009 2014 1093 2074 Nous
1114 2015 1142 2072 la
1166 2015 1315 2093 publions

194 2104 317 2182 d'apres
338 2104 509 2184 l'original,
530 2107 679 2164 conserve
704 2108 780 2164 dens
801 2107 827 2164 la
849 2106 1066 2186 Bibliotlreque
1088 2107 1314 2179 Cottonienne,

160 2245 161 2248 ,
194 2195 365 2275 Vespasien
381 2197 430 2269 E„
447 2203 478 2269 1;
496 2198 524 2255 le
541 2219 630 2257 sceau
646 2219 786 2277 manque.

238 2545 392 2609 Clemens
414 2543 609 2632 episcopus,
634 2568 747 2608 servus
771 2567 939 2609 servorum
965 2544 1040 2610 Dei.
1069 2546 1249 2610 Carissimo
1277 2545 1314 2610 in

194 2647 327 2712 Christo
343 2646 410 2712 filio
429 2649 481 2725 E.,
505 2647 575 2736 regi
595 2645 714 2736 Anglie
732 2645 865 2724 illustri,
887 2647 1025 2712 salutem
1042 2659 1074 2712 et
1090 2648 1312 2736 apostolicam

116 2809 118 2817 .
193 2747 473 2813 benedictionem.
501 2748 633 2838 Regalis
661 2747 847 2813 devotionis
873 2751 1060 2840 integritas,
1084 2775 1148 2839 qne
1173 2751 1207 2815 iu
1239 2773 1313 2814 exe-

191 2852 332 2939 quendis
362 2851 446 2915 votis
480 2850 662 2939 apostolice
692 2851 781 2915 sedis
815 2853 903 2941 viget
933 2865 965 2916 et
995 2851 1101 2938 viguit
1127 2851 1310 2931 indelessa,

192 2951 293 3044 digne
313 2966 458 3017 meretur
474 2965 510 3017 ut
529 2953 625 3017 sedes
646 2953 752 3040 ipsae
772 2965 804 3017 te
825 2953 968 3018 obnoxia
993 2967 1158 3042 amputet,
1174 2955 1312 3018 abster·
1422 2949 1423 2960 ¹

193 3068 248 3146 gat
265 3054 449 3134 incomoda,
465 3065 498 3118 et
516 3054 682 3118 fructuosa
703 3069 871 3144 procuret.
889 3058 976 3121 Sane
990 3079 1095 3143 nuper
1109 3055 1209 3144 digna
1229 3055 1311 3119 rela-

193 3157 283 3221 tione
308 3156 517 3246 percepimus
544 3157 634 3244 quod
658 3171 690 3220 te
714 3156 793 3222 olim
813 3157 847 3220 in
872 3158 1038 3271 Flandria,
1060 3170 1092 3222 et
1115 3170 1191 3221 ante
1212 3181 1311 3245 quam
1422 3223 1423 3240 ἦ

192 3259 271 3323 illuc
287 3260 385 3324 etiam
402 3257 600 3322 accessisses
605 3283 690 3347 ,pro
709 3259 758 3322 tui
776 3258 860 3346 juris
877 3259 1018 3324 tuitione
1035 3271 1150 3324 eontra
1165 3258 1310 3323 nonnul

193 3359 242 3423 los
271 3367 345 3424 tuos
380 3360 506 3424 emulos
544 3372 578 3424 et
613 3361 728 3424 hostes
757 3374 899 3451 agente,
934 3361 1086 3425 nonnulli
1108 3360 1213 3476 regni
1261 3359 1309 3424 tui

192 3476 360 3552 magnates
380 3475 414 3526 et
434 3461 562 3526 nobiles
578 3461 707 3552 alieque
727 3488 868 3552 persone
888 3477 944 3528 tuo
960 3464 1085 3529 nomini
1106 3462 1253 3543 inimice,
1271 3485 1310 3528 ex

192 3588 231 3628 eo
254 3563 477 3653 oportunitate
499 3578 627 3653 captata
651 3566 740 3652 quod
761 3579 814 3630 ext
817 3591 851 3631 ra
872 3591 1011 3656 regnum
1037 3568 1145 3655 ipsum
1166 3590 1309 3655 occupa·

190 3665 292 3744 baris,
310 3666 344 3730 in
364 3668 518 3756 opposito
537 3667 733 3746 emulorum,
756 3669 821 3732 nisi
846 3667 972 3732 eisdem
989 3669 1148 3757 quasdam
1172 3693 1308 3733 conces·

191 3768 300 3833 siones
320 3769 424 3834 varias
436 3782 468 3833 et
488 3771 630 3859 iniquas,
646 3770 797 3850 forestas,
819 3771 948 3858 aliaque
958 3774 1031 3858 jura
1050 3770 1091 3834 ad
1108 3784 1308 3835 eoronamet

190 3871 1307 3962 honoremtuiculminisspectantiaabantiquo,queetiam,prius·

192 3998 288 4062 quam
301 3998 319 4038 a
333 3973 424 4039 dicto
436 3998 540 4064 regno
555 3975 740 4053 secederes,
753 4000 769 4038 a
786 3987 817 4038 te
828 3974 1018 4062 importune
1030 3975 1203 4064 petebant,
1215 3973 1306 4038 fecis·

193 4100 255 4157 ses,
269 4090 381 4142 contra
392 4084 423 4142 te
433 4077 717 4165 conspiraverant,
735 4076 1099 4166 concitabantpopulos
1109 4076 1304 4140 etseandala

192 4178 332 4268 plurima
355 4179 575 4259 seminabant,
593 4192 707 4269 tuque,
726 4179 912 4266 prudenter
936 4176 1069 4244 illorum
1088 4177 1304 4243 machinatio-
