2854 4866
211 325 243 375 so
473 325 623 376 tuturus
640 325 702 374 nus
720 314 880 374 strumus
897 325 1077 376 ANGLttsus

209 467 286 506 num
306 443 534 531 quodraginta
552 445 679 507 dientem
699 444 745 506 od
757 447 876 520 minus,
896 457 926 504 et
946 443 993 506 od
1010 457 1133 506 certum
1155 441 1269 505 locum
1277 463 1292 522 ‚·
1312 453 1342 502 et

209 551 243 608 in
271 547 420 610 omnibus
444 545 562 610 litteris
585 545 674 608 illius
696 549 964 608 summonicionis
987 567 1123 608 cuusum
1149 546 1341 608 summoni-

210 651 311 710 cionis
332 651 574 734 exprimemus‚·
594 661 624 710 et
643 651 690 710 sic
708 647 804 735 foetu
820 650 1075 710 summonitione
1094 648 1271 734 negocium
1294 645 1342 708 od

209 749 292 812 diem
315 753 520 836 assignatum
539 749 701 836 procedat
721 749 899 812 secundum
924 749 1094 811 consilium
1118 749 1254 812 illorum
1278 751 1339 836 qui

204 864 373 939 presentes
384 853 523 940 fiterint,
538 853 688 939 quumvis
705 873 769 913 non
785 875 895 914 omnes
910 856 1100 914 summoniti
1115 853 1279 915 venerint.
1408 825 1409 862 l

255 993 306 1057 15.
333 993 401 1058 Nos
434 1016 498 1056 non
527 992 738 1055 concedemus
768 993 807 1055 de
835 1007 940 1057 cetero
969 993 1073 1055 elicui
1093 993 1191 1080 ,quod
1218 996 1343 1080 cupiat

210 1094 372 1156 auxilium
397 1095 436 1156 de
463 1093 574 1156 liberis
599 1093 783 1156 hominibus
807 1099 895 1170 suis,
925 1098 990 1156 nisi
1016 1094 1063 1156 od
1089 1117 1210 1180 corpus
1233 1117 1337 1158 sctum

210 1196 449 1272 redimendum,
481 1196 579 1258 etad
598 1196 787 1282 faciendum
810 1197 1066 1282 primogenitum
1094 1195 1204 1279 filium
1233 1217 1339 1258 suum

211 1297 356 1375 militem,
376 1311 407 1360 et
421 1297 467 1359 ud
476 1299 728 1386 primogenitom
743 1296 850 1380 filium
865 1319 960 1359 suum
973 1297 1074 1360 semel
1086 1299 1338 1376 maritandum,

210 1413 241 1462 et
257 1399 304 1463 od
317 1399 374 1462 lieo
387 1424 452 1463 non
463 1399 527 1483 siut
542 1400 607 1461 nisi
622 1399 826 1461 racionabile
842 1397 1018 1462 auxilium.

257 1542 309 1606 16.
336 1542 453 1607 Nullus
469 1540 687 1630 distringatur
705 1541 745 1605 ad
763 1540 950 1624 laciendum
968 1543 1073 1628 majus
1093 1539 1274 1605 servicium
1294 1541 1338 1604 de

210 1644 308 1708 feodo
335 1643 468 1724 militie,
496 1667 558 1708 neo
586 1644 628 1708 de
655 1643 719 1708 alio
746 1643 853 1709 libero
883 1656 1086 1723 tenemento,
1119 1667 1219 1732 quam
1249 1643 1337 1706 inde

211 1747 365 1810 debetur.

257 1873 308 1939 17.
336 1871 530 1938 Communia
556 1873 677 1962 placita
706 1897 772 1938 non
797 1888 979 1962 sequantur
1005 1874 1129 1938 curiam
1157 1883 1330 1952 nostram,

212 1988 262 2040 set
281 1987 457 2040 teneantur
475 1975 511 2038 in
529 1974 640 2064 aliquo
657 1975 731 2039 loco
751 1987 853 2040 certo.

1408 1745 1409 1782 i

256 2115 308 2182 18.
336 2117 598 2206 Recogniciones
618 2117 659 2180 de
678 2140 761 2180 nova
779 2117 967 2198 disseisina,
991 2118 1033 2181 de
1056 2128 1160 2181 morte
1180 2129 1339 2182 anteces-

211 2217 308 2296 soriS‚
330 2233 360 2281 et
379 2219 417 2281 de
435 2219 550 2282 ultimo
564 2223 824 2306 presentatione,
845 2243 911 2283 non
930 2220 1104 2307 capiantur
1123 2218 1188 2283 nisi
1208 2220 1243 2282 in
1264 2221 1339 2283 suis

212 2319 423 2384 comitatibus
444 2331 477 2383 et
498 2319 562 2384 hoc
587 2323 706 2385 modo:
731 2341 805 2400 n0S,
826 2321 877 2384 vel
903 2323 930 2384 si
952 2334 1042 2385 extra
1067 2343 1206 2411 regnum
1228 2320 1338 2384 fueri-

212 2445 296 2502 mus,
313 2421 463 2510 capitalis
477 2418 682 2509 justiciarius
703 2433 827 2502 noster,
846 2421 1013 2487 mittemus
1029 2424 1110 2486 duos
1123 2421 1336 2510 justitiarios

212 2549 272 2613 per
293 2547 394 2588 unum
415 2545 580 2612 quemque
601 2525 791 2588 comitatum
814 2551 875 2614 per
894 2538 1035 2613 quatuor
1056 2525 1144 2589 vices
1169 2525 1204 2588 in
1224 2547 1334 2604 anno,

213 2627 288 2714 qui,
314 2649 388 2690 oum
407 2637 552 2716 quotuor
571 2625 732 2691 militibus
754 2627 933 2713 cujuslibet
950 2628 1124 2691 comitatus
1146 2623 1256 2690 electis
1268 2651 1338 2714 per

212 2733 418 2808 comitatum,
442 2727 574 2817 capiant
597 2729 632 2794 in
652 2730 809 2793 comitatu
829 2743 858 2792 et
884 2733 915 2792 in
941 2731 992 2793 die
1016 2742 1045 2792 et
1065 2728 1133 2792 loco
1156 2731 1336 2792 comitutus

213 2831 334 2894 assises
354 2831 534 2918 predictas.

1408 3055 1409 3082 l

1408 3083 1409 3126 t

1408 3279 1409 3316 i

1408 3347 1409 3402 l

1408 3407 1409 3430 i

1408 3665 1409 3706 t

1408 3711 1409 3766 l

1408 3813 1409 3854 t

1408 3893 1409 3930 i

1408 3993 1409 4032 l

1408 4085 1409 4146 l

1408 4177 1409 4208 l

259 2965 311 3036 19.
337 2975 381 3035 Et
397 2976 474 3036 siin
491 2974 543 3037 die
557 2976 731 3036 comitatus
748 2977 852 3036 ossise
862 2975 1008 3060 predicte
1024 2977 1099 3060 cupi
1112 2975 1331 3059 nonpossint,

212 3087 259 3137 tot
274 3075 392 3138 milites
411 3089 442 3138 et
459 3076 558 3139 libere
578 3089 721 3138 tenentes
741 3089 935 3138 remaneant
953 3075 992 3138 de
1008 3074 1073 3137 illis
1093 3079 1151 3162 qui
1172 3075 1331 3162 interfue-

212 3178 280 3239 rint
300 3181 470 3239 eomltotui
494 3177 545 3240 die
567 3177 638 3255 illo,
654 3201 717 3264 per
737 3201 818 3266 quos
835 3181 961 3264 possint
974 3176 1109 3262 judicio
1129 3173 1334 3261 sufficienter

217 3277 301 3357 lieri,
323 3279 501 3342 secundum
519 3279 608 3367 quod
622 3281 789 3366 negocium
803 3280 906 3367 suerit
923 3281 1034 3366 majus
1054 3277 1104 3340 vel
1118 3281 1237 3339 minus.

256 3431 310 3498 20.
337 3431 437 3496 Liber
460 3433 561 3496 horno
586 3455 653 3496 non
679 3433 874 3496 amercietur
896 3455 957 3520 pro
979 3455 1080 3518 parvo
1102 3429 1242 3508 delicte,
1265 3429 1332 3492 nisi

213 3531 395 3597 secundum
416 3534 550 3598 modum
570 3533 703 3613 delicti;
726 3545 759 3596 et
776 3557 837 3620 pro
856 3557 975 3620 magno
991 3531 1114 3595 delicto
1133 3529 1332 3594 amercietur

214 3635 396 3699 secundum
424 3634 687 3724 magnitudinem
710 3633 835 3712 delicti,
860 3634 948 3697 salvo
967 3644 1223 3697 contenemento
1246 3656 1326 3712 su0;

213 3748 245 3800 et
262 3748 425 3801 mercator
443 3737 560 3801 eodem
581 3735 691 3816 modo,
715 3735 802 3800 salva
819 3733 1023 3799 mercandisa
1040 3759 1115 3815 sua;
1137 3745 1170 3797 et
1186 3733 1328 3797 villanus
1408 3773 1409 3796 t

213 3838 331 3902 eodem
356 3839 455 3902 modo
477 3837 674 3902 amercietur
697 3838 785 3902 salvo
807 3836 980 3926 waynagio
1002 3861 1077 3916 suo,
1101 3835 1128 3900 si
1148 3835 1330 3900 inciderint
1408 3859 1409 3892 t

212 3937 246 4002 in
267 3938 530 4004 misericordiam
549 3951 713 4019 nostram3
735 3952 769 4002 et
787 3938 877 4002 nulla
894 3937 1118 4026 predictarum
1139 3938 1326 4002 misericor·
1408 3943 1409 3984 ἕ

213 4039 341 4106 diarum
359 4051 514 4130 ponatur,
533 4039 597 4106 nisi
616 4065 677 4129 per
692 4053 935 4105 sacramentum
952 4040 1134 4128 proborum
1151 4037 1324 4104 hominum
1408 4037 1409 4082 t

213 4140 254 4206 de
271 4143 414 4208 visneto.
