<?xml version="1.0" encoding="UTF-8"?>
<!DOCTYPE html PUBLIC "-//W3C//DTD XHTML 1.0 Transitional//EN"
    "http://www.w3.org/TR/xhtml1/DTD/xhtml1-transitional.dtd">
<html xmlns="http://www.w3.org/1999/xhtml" xml:lang="en" lang="en">
 <head>
  <title>
</title>
<meta http-equiv="Content-Type" content="text/html;charset=utf-8" />
  <meta name='ocr-system' content='tesseract 3.04.00' />
  <meta name='ocr-capabilities' content='ocr_page ocr_carea ocr_par ocr_line ocrx_word'/>
</head>
<body>
  <div class='ocr_page' id='page_1' title='image "./chartesdesliber01bmgoog_0126.png"; bbox 0 0 2796 4854; ppageno 0'>
   <div class='ocr_carea' id='block_1_1' title="bbox 382 325 1252 376">
    <p class='ocr_par' dir='ltr' id='par_1_1' title="bbox 382 325 1252 376">
     <span class='ocr_line' id='line_1_1' title="bbox 382 325 1252 376; baseline -0.002 -2"><span class='ocrx_word' id='word_1_1' title='bbox 382 327 423 375; x_wconf 82' lang='lat' dir='ltr'><strong>Vl.</strong></span> <span class='ocrx_word' id='word_1_2' title='bbox 443 353 473 364; x_wconf 90' lang='lat'><strong>-·</strong></span> <span class='ocrx_word' id='word_1_3' title='bbox 491 325 598 376; x_wconf 70' lang='lat' dir='ltr'><strong>nuncu</strong></span> <span class='ocrx_word' id='word_1_4' title='bbox 616 326 660 375; x_wconf 85' lang='lat' dir='ltr'><strong>DU</strong></span> <span class='ocrx_word' id='word_1_5' title='bbox 678 326 761 376; x_wconf 84' lang='grc' dir='ltr'><strong>ΡΑΡΕ</strong></span> <span class='ocrx_word' id='word_1_6' title='bbox 779 325 946 376; x_wconf 70' lang='lat' dir='ltr'><strong>innocent</strong></span> <span class='ocrx_word' id='word_1_7' title='bbox 964 326 999 375; x_wconf 86' lang='lat'><strong>111</strong></span> <span class='ocrx_word' id='word_1_8' title='bbox 1219 325 1252 373; x_wconf 79' lang='lat' dir='ltr'><strong>ts</strong></span> 
     </span>
    </p>
   </div>
   <div class='ocr_carea' id='block_1_2' title="bbox 70 437 1259 2783">
    <p class='ocr_par' dir='ltr' id='par_1_2' title="bbox 70 437 1259 2783">
     <span class='ocr_line' id='line_1_2' title="bbox 119 437 1248 531; baseline -0.001 -25"><span class='ocrx_word' id='word_1_9' title='bbox 119 466 229 531; x_wconf 90' lang='lat' dir='ltr'><strong>quam</strong></span> <span class='ocrx_word' id='word_1_10' title='bbox 256 440 359 505; x_wconf 90' lang='lat' dir='ltr'><strong>nuntii</strong></span> <span class='ocrx_word' id='word_1_11' title='bbox 384 465 459 506; x_wconf 90' lang='lat' dir='ltr'><strong>cum</strong></span> <span class='ocrx_word' id='word_1_12' title='bbox 479 444 543 506; x_wconf 94' lang='lat' dir='ltr'><strong>hoc</strong></span> <span class='ocrx_word' id='word_1_13' title='bbox 563 441 701 531; x_wconf 90' lang='lat' dir='ltr'><strong>provido</strong></span> <span class='ocrx_word' id='word_1_14' title='bbox 720 454 753 506; x_wconf 88' lang='lat' dir='ltr'><strong>et</strong></span> <span class='ocrx_word' id='word_1_15' title='bbox 771 443 863 528; x_wconf 90' lang='lat' dir='ltr'><strong>justo</strong></span> <span class='ocrx_word' id='word_1_16' title='bbox 883 441 1038 506; x_wconf 90' lang='lat' dir='ltr'><strong>mandato</strong></span> <span class='ocrx_word' id='word_1_17' title='bbox 1055 437 1248 520; x_wconf 81' lang='lat' dir='ltr'><strong>rediissent,</strong></span> 
     </span>
     <span class='ocr_line' id='line_1_3' title="bbox 119 542 1252 632; baseline 0 -24"><span class='ocrx_word' id='word_1_18' title='bbox 119 543 192 622; x_wconf 91' lang='lat' dir='ltr'><strong>illi,</strong></span> <span class='ocrx_word' id='word_1_19' title='bbox 208 546 397 632; x_wconf 89' lang='lat' dir='ltr'><strong>juramento</strong></span> <span class='ocrx_word' id='word_1_20' title='bbox 418 542 589 608; x_wconf 87' lang='lat' dir='ltr'><strong>fidelitatis</strong></span> <span class='ocrx_word' id='word_1_21' title='bbox 610 543 746 608; x_wconf 91' lang='lat' dir='ltr'><strong>omniuo</strong></span> <span class='ocrx_word' id='word_1_22' title='bbox 758 555 967 631; x_wconf 87' lang='lat' dir='ltr'><strong>contempto,</strong></span> <span class='ocrx_word' id='word_1_23' title='bbox 991 565 1078 621; x_wconf 90' lang='lat' dir='ltr'><strong>oum,</strong></span> <span class='ocrx_word' id='word_1_24' title='bbox 1097 542 1175 607; x_wconf 88' lang='lat' dir='ltr'><strong>etsi</strong></span> <span class='ocrx_word' id='word_1_25' title='bbox 1194 565 1252 608; x_wconf 86' lang='lat' dir='ltr'><strong>rex</strong></span> 
     </span>
     <span class='ocr_line' id='line_1_4' title="bbox 121 642 1251 737; baseline -0.001 -27"><span class='ocrx_word' id='word_1_26' title='bbox 121 670 188 710; x_wconf 91' lang='lat' dir='ltr'><strong>cos</strong></span> <span class='ocrx_word' id='word_1_27' title='bbox 214 644 338 732; x_wconf 89' lang='lat' dir='ltr'><strong>injuste</strong></span> <span class='ocrx_word' id='word_1_28' title='bbox 360 659 541 737; x_wconf 81' lang='lat' dir='ltr'><strong>gravasset,</strong></span> <span class='ocrx_word' id='word_1_29' title='bbox 567 644 631 735; x_wconf 89' lang='lat' dir='ltr'><strong>ipsi</strong></span> <span class='ocrx_word' id='word_1_30' title='bbox 649 659 758 710; x_wconf 90' lang='lat' dir='ltr'><strong>tamen</strong></span> <span class='ocrx_word' id='word_1_31' title='bbox 779 669 844 710; x_wconf 90' lang='lat' dir='ltr'><strong>non</strong></span> <span class='ocrx_word' id='word_1_32' title='bbox 861 644 1057 710; x_wconf 81' lang='lat' dir='ltr'><strong>debuissent</strong></span> <span class='ocrx_word' id='word_1_33' title='bbox 1079 642 1126 708; x_wconf 90' lang='lat' dir='ltr'><strong>sic</strong></span> <span class='ocrx_word' id='word_1_34' title='bbox 1151 667 1251 732; x_wconf 86' lang='lat' dir='ltr'><strong>agere</strong></span> 
     </span>
     <span class='ocr_line' id='line_1_5' title="bbox 123 745 1251 836; baseline -0.002 -24"><span class='ocrx_word' id='word_1_35' title='bbox 123 760 247 812; x_wconf 90' lang='lat' dir='ltr'><strong>contra</strong></span> <span class='ocrx_word' id='word_1_36' title='bbox 271 771 344 812; x_wconf 89' lang='lat' dir='ltr'><strong>eum</strong></span> <span class='ocrx_word' id='word_1_37' title='bbox 370 749 461 812; x_wconf 94' lang='lat' dir='ltr'><strong>utin</strong></span> <span class='ocrx_word' id='word_1_38' title='bbox 489 772 586 812; x_wconf 89' lang='lat' dir='ltr'><strong>causa</strong></span> <span class='ocrx_word' id='word_1_39' title='bbox 614 771 670 812; x_wconf 90' lang='lat' dir='ltr'><strong>sua</strong></span> <span class='ocrx_word' id='word_1_40' title='bbox 696 745 948 835; x_wconf 89' lang='lat' dir='ltr'><strong>iidemjudices</strong></span> <span class='ocrx_word' id='word_1_41' title='bbox 973 759 1004 812; x_wconf 87' lang='lat' dir='ltr'><strong>et</strong></span> <span class='ocrx_word' id='word_1_42' title='bbox 1029 759 1251 836; x_wconf 85' lang='lat' dir='ltr'><strong>exequutores</strong></span> 
     </span>
     <span class='ocr_line' id='line_1_6' title="bbox 124 847 1251 939; baseline -0.001 -25"><span class='ocrx_word' id='word_1_43' title='bbox 124 847 328 930; x_wconf 74' lang='lat' dir='ltr'><strong>existerent,</strong></span> <span class='ocrx_word' id='word_1_44' title='bbox 345 849 465 916; x_wconf 85' lang='lat' dir='ltr'><strong>vassali</strong></span> <span class='ocrx_word' id='word_1_45' title='bbox 482 863 595 915; x_wconf 88' lang='lat' dir='ltr'><strong>eontra</strong></span> <span class='ocrx_word' id='word_1_46' title='bbox 615 849 786 916; x_wconf 91' lang='lat' dir='ltr'><strong>dominum</strong></span> <span class='ocrx_word' id='word_1_47' title='bbox 804 863 837 914; x_wconf 91' lang='lat' dir='ltr'><strong>et</strong></span> <span class='ocrx_word' id='word_1_48' title='bbox 854 848 976 914; x_wconf 86' lang='lat' dir='ltr'><strong>milites</strong></span> <span class='ocrx_word' id='word_1_49' title='bbox 994 863 1108 914; x_wconf 90' lang='lat' dir='ltr'><strong>contra</strong></span> <span class='ocrx_word' id='word_1_50' title='bbox 1126 851 1251 939; x_wconf 86' lang='lat' dir='ltr'><strong>Regem</strong></span> 
     </span>
     <span class='ocr_line' id='line_1_7' title="bbox 124 951 1252 1040; baseline 0.001 -26"><span class='ocrx_word' id='word_1_51' title='bbox 124 951 266 1040; x_wconf 88' lang='lat' dir='ltr'><strong>publice</strong></span> <span class='ocrx_word' id='word_1_52' title='bbox 294 955 519 1040; x_wconf 85' lang='lat' dir='ltr'><strong>conjurantes,</strong></span> <span class='ocrx_word' id='word_1_53' title='bbox 550 976 617 1017; x_wconf 92' lang='lat' dir='ltr'><strong>non</strong></span> <span class='ocrx_word' id='word_1_54' title='bbox 646 952 752 1017; x_wconf 91' lang='lat' dir='ltr'><strong>solum</strong></span> <span class='ocrx_word' id='word_1_55' title='bbox 781 975 855 1016; x_wconf 93' lang='lat' dir='ltr'><strong>cum</strong></span> <span class='ocrx_word' id='word_1_56' title='bbox 882 951 955 1016; x_wconf 88' lang='lat' dir='ltr'><strong>aliis</strong></span> <span class='ocrx_word' id='word_1_57' title='bbox 987 951 1045 1016; x_wconf 90' lang='lat' dir='ltr'><strong>sed</strong></span> <span class='ocrx_word' id='word_1_58' title='bbox 1075 975 1150 1016; x_wconf 89' lang='lat' dir='ltr'><strong>cum</strong></span> <span class='ocrx_word' id='word_1_59' title='bbox 1181 953 1252 1038; x_wconf 90' lang='lat' dir='ltr'><strong>ejus</strong></span> 
     </span>
     <span class='ocr_line' id='line_1_8' title="bbox 125 1053 1253 1144; baseline 0 -26"><span class='ocrx_word' id='word_1_60' title='bbox 125 1054 412 1120; x_wconf 79' lang='lat' dir='ltr'><strong>manifestissimis</strong></span> <span class='ocrx_word' id='word_1_61' title='bbox 437 1053 594 1133; x_wconf 89' lang='lat' dir='ltr'><strong>inimicis,</strong></span> <span class='ocrx_word' id='word_1_62' title='bbox 626 1067 900 1144; x_wconf 87' lang='lat' dir='ltr'><strong>presumpserunt</strong></span> <span class='ocrx_word' id='word_1_63' title='bbox 924 1067 1038 1120; x_wconf 91' lang='lat' dir='ltr'><strong>contra</strong></span> <span class='ocrx_word' id='word_1_64' title='bbox 1066 1077 1140 1119; x_wconf 89' lang='lat' dir='ltr'><strong>eum</strong></span> <span class='ocrx_word' id='word_1_65' title='bbox 1164 1076 1253 1120; x_wconf 84' lang='lat' dir='ltr'><strong>arma</strong></span> 
     </span>
     <span class='ocr_line' id='line_1_9' title="bbox 129 1153 1254 1246; baseline 0 -26"><span class='ocrx_word' id='word_1_66' title='bbox 129 1180 276 1235; x_wconf 89' lang='lat' dir='ltr'><strong>movere,</strong></span> <span class='ocrx_word' id='word_1_67' title='bbox 307 1169 508 1246; x_wconf 82' lang='lat' dir='ltr'><strong>occupantes</strong></span> <span class='ocrx_word' id='word_1_68' title='bbox 533 1170 565 1222; x_wconf 90' lang='lat' dir='ltr'><strong>et</strong></span> <span class='ocrx_word' id='word_1_69' title='bbox 589 1157 798 1222; x_wconf 84' lang='lat' dir='ltr'><strong>devastantes</strong></span> <span class='ocrx_word' id='word_1_70' title='bbox 823 1169 929 1222; x_wconf 88' lang='lat' dir='ltr'><strong>terras</strong></span> <span class='ocrx_word' id='word_1_71' title='bbox 956 1155 1061 1246; x_wconf 90' lang='lat' dir='ltr'><strong>ipsius</strong></span> <span class='ocrx_word' id='word_1_72' title='bbox 1090 1154 1135 1221; x_wconf 88' lang='lat' dir='ltr'><strong>ita</strong></span> <span class='ocrx_word' id='word_1_73' title='bbox 1164 1153 1254 1244; x_wconf 91' lang='lat' dir='ltr'><strong>quod</strong></span> 
     </span>
     <span class='ocr_line' id='line_1_10' title="bbox 70 1258 1253 1349; baseline 0 -27"><span class='ocrx_word' id='word_1_74' title='bbox 70 1267 72 1270; x_wconf 77' lang='grc'>’</span> <span class='ocrx_word' id='word_1_75' title='bbox 127 1258 300 1323; x_wconf 87' lang='lat' dir='ltr'><strong>civitatem</strong></span> <span class='ocrx_word' id='word_1_76' title='bbox 319 1283 452 1349; x_wconf 90' lang='lat' dir='ltr'><strong>quoque</strong></span> <span class='ocrx_word' id='word_1_77' title='bbox 472 1258 756 1338; x_wconf 89' lang='lat' dir='ltr'><strong>Londouiensem,</strong></span> <span class='ocrx_word' id='word_1_78' title='bbox 779 1283 842 1347; x_wconf 91' lang='lat' dir='ltr'><strong>que</strong></span> <span class='ocrx_word' id='word_1_79' title='bbox 862 1258 958 1323; x_wconf 91' lang='lat' dir='ltr'><strong>sedes</strong></span> <span class='ocrx_word' id='word_1_80' title='bbox 976 1271 1028 1335; x_wconf 85' lang='lat' dir='ltr'><strong>est</strong></span> <span class='ocrx_word' id='word_1_81' title='bbox 1047 1258 1159 1348; x_wconf 86' lang='lat' dir='ltr'><strong>regni,</strong></span> <span class='ocrx_word' id='word_1_82' title='bbox 1174 1279 1253 1346; x_wconf 91' lang='lat' dir='ltr'><strong>pro·</strong></span> 
     </span>
     <span class='ocr_line' id='line_1_11' title="bbox 127 1358 1253 1448; baseline -0.001 -24"><span class='ocrx_word' id='word_1_83' title='bbox 127 1358 254 1425; x_wconf 90' lang='lat' dir='ltr'><strong>ditorie</strong></span> <span class='ocrx_word' id='word_1_84' title='bbox 284 1360 348 1425; x_wconf 88' lang='lat' dir='ltr'><strong>sibi</strong></span> <span class='ocrx_word' id='word_1_85' title='bbox 378 1361 532 1426; x_wconf 84' lang='lat' dir='ltr'><strong>traditam</strong></span> <span class='ocrx_word' id='word_1_86' title='bbox 567 1363 769 1426; x_wconf 89' lang='lat' dir='ltr'><strong>invaserunt.</strong></span> <span class='ocrx_word' id='word_1_87' title='bbox 800 1359 935 1426; x_wconf 87' lang='lat' dir='ltr'><strong>Interim</strong></span> <span class='ocrx_word' id='word_1_88' title='bbox 966 1372 1088 1438; x_wconf 90' lang='lat' dir='ltr'><strong>autem,</strong></span> <span class='ocrx_word' id='word_1_89' title='bbox 1116 1359 1253 1448; x_wconf 85' lang='lat' dir='ltr'><strong>prefatis</strong></span> 
     </span>
     <span class='ocr_line' id='line_1_12' title="bbox 129 1461 1254 1542; baseline -0.002 -17"><span class='ocrx_word' id='word_1_90' title='bbox 129 1461 260 1527; x_wconf 90' lang='lat' dir='ltr'><strong>nuntiis</strong></span> <span class='ocrx_word' id='word_1_91' title='bbox 292 1463 548 1542; x_wconf 87' lang='lat' dir='ltr'><strong>revertentibus,</strong></span> <span class='ocrx_word' id='word_1_92' title='bbox 583 1465 653 1529; x_wconf 85' lang='lat' dir='ltr'><strong>Rex</strong></span> <span class='ocrx_word' id='word_1_93' title='bbox 682 1463 804 1528; x_wconf 90' lang='lat' dir='ltr'><strong>obtulit</strong></span> <span class='ocrx_word' id='word_1_94' title='bbox 827 1462 874 1526; x_wconf 89' lang='lat' dir='ltr'><strong>eis</strong></span> <span class='ocrx_word' id='word_1_95' title='bbox 904 1461 1086 1526; x_wconf 91' lang='lat' dir='ltr'><strong>secundum</strong></span> <span class='ocrx_word' id='word_1_96' title='bbox 1116 1461 1254 1524; x_wconf 81' lang='lat' dir='ltr'><strong>formam</strong></span> 
     </span>
     <span class='ocr_line' id='line_1_13' title="bbox 128 1561 1254 1654; baseline -0.002 -26"><span class='ocrx_word' id='word_1_97' title='bbox 128 1564 281 1630; x_wconf 88' lang='lat' dir='ltr'><strong>mandati</strong></span> <span class='ocrx_word' id='word_1_98' title='bbox 310 1565 416 1630; x_wconf 91' lang='lat' dir='ltr'><strong>nostri</strong></span> <span class='ocrx_word' id='word_1_99' title='bbox 440 1565 568 1654; x_wconf 89' lang='lat' dir='ltr'><strong>justitie</strong></span> <span class='ocrx_word' id='word_1_100' title='bbox 595 1564 837 1654; x_wconf 80' lang='lat' dir='ltr'><strong>plenitudinem</strong></span> <span class='ocrx_word' id='word_1_101' title='bbox 863 1564 1034 1643; x_wconf 89' lang='lat' dir='ltr'><strong>exhibere,</strong></span> <span class='ocrx_word' id='word_1_102' title='bbox 1062 1585 1161 1651; x_wconf 92' lang='lat' dir='ltr'><strong>quam</strong></span> <span class='ocrx_word' id='word_1_103' title='bbox 1188 1561 1254 1650; x_wconf 89' lang='lat' dir='ltr'><strong>ipsi</strong></span> 
     </span>
     <span class='ocr_line' id='line_1_14' title="bbox 126 1665 1252 1757; baseline -0.001 -28"><span class='ocrx_word' id='word_1_104' title='bbox 126 1665 271 1732; x_wconf 88' lang='lat' dir='ltr'><strong>omniuo</strong></span> <span class='ocrx_word' id='word_1_105' title='bbox 301 1680 496 1757; x_wconf 89' lang='lat' dir='ltr'><strong>spernentes</strong></span> <span class='ocrx_word' id='word_1_106' title='bbox 524 1680 686 1756; x_wconf 89' lang='lat' dir='ltr'><strong>ceperunt</strong></span> <span class='ocrx_word' id='word_1_107' title='bbox 712 1691 827 1732; x_wconf 88' lang='lat' dir='ltr'><strong>munus</strong></span> <span class='ocrx_word' id='word_1_108' title='bbox 856 1665 1034 1731; x_wconf 83' lang='lat' dir='ltr'><strong>extendere</strong></span> <span class='ocrx_word' id='word_1_109' title='bbox 1061 1665 1102 1729; x_wconf 93' lang='lat' dir='ltr'><strong>ad</strong></span> <span class='ocrx_word' id='word_1_110' title='bbox 1127 1667 1252 1753; x_wconf 89' lang='lat' dir='ltr'><strong>pejora.</strong></span> 
     </span>
     <span class='ocr_line' id='line_1_15' title="bbox 128 1766 1255 1859; baseline -0.004 -24"><span class='ocrx_word' id='word_1_111' title='bbox 128 1769 230 1835; x_wconf 88' lang='lat' dir='ltr'><strong>Unde</strong></span> <span class='ocrx_word' id='word_1_112' title='bbox 248 1771 321 1835; x_wconf 86' lang='lat' dir='ltr'><strong>Rex</strong></span> <span class='ocrx_word' id='word_1_113' title='bbox 336 1769 408 1859; x_wconf 88' lang='lat' dir='ltr'><strong>ipse</strong></span> <span class='ocrx_word' id='word_1_114' title='bbox 427 1770 468 1834; x_wconf 94' lang='lat' dir='ltr'><strong>ad</strong></span> <span class='ocrx_word' id='word_1_115' title='bbox 488 1768 691 1834; x_wconf 89' lang='lat' dir='ltr'><strong>audientiam</strong></span> <span class='ocrx_word' id='word_1_116' title='bbox 711 1782 856 1834; x_wconf 88' lang='lat' dir='ltr'><strong>nostram</strong></span> <span class='ocrx_word' id='word_1_117' title='bbox 879 1768 1051 1857; x_wconf 85' lang='lat' dir='ltr'><strong>appellans</strong></span> <span class='ocrx_word' id='word_1_118' title='bbox 1067 1766 1189 1834; x_wconf 88' lang='lat' dir='ltr'><strong>obtulit</strong></span> <span class='ocrx_word' id='word_1_119' title='bbox 1207 1767 1255 1831; x_wconf 87' lang='lat' dir='ltr'><strong>eis</strong></span> 
     </span>
     <span class='ocr_line' id='line_1_16' title="bbox 129 1868 1254 1959; baseline -0.002 -25"><span class='ocrx_word' id='word_1_120' title='bbox 129 1870 294 1936; x_wconf 88' lang='lat' dir='ltr'><strong>exhibere</strong></span> <span class='ocrx_word' id='word_1_121' title='bbox 314 1870 477 1958; x_wconf 88' lang='lat' dir='ltr'><strong>justitiam</strong></span> <span class='ocrx_word' id='word_1_122' title='bbox 502 1895 612 1936; x_wconf 82' lang='lat' dir='ltr'><strong>coram</strong></span> <span class='ocrx_word' id='word_1_123' title='bbox 634 1871 743 1951; x_wconf 88' lang='lat' dir='ltr'><strong>nobis,</strong></span> <span class='ocrx_word' id='word_1_124' title='bbox 766 1870 808 1935; x_wconf 89' lang='lat' dir='ltr'><strong>ad</strong></span> <span class='ocrx_word' id='word_1_125' title='bbox 830 1894 913 1959; x_wconf 90' lang='lat' dir='ltr'><strong>quos</strong></span> <span class='ocrx_word' id='word_1_126' title='bbox 930 1871 1028 1958; x_wconf 91' lang='lat' dir='ltr'><strong>hujus</strong></span> <span class='ocrx_word' id='word_1_127' title='bbox 1049 1893 1147 1934; x_wconf 87' lang='lat' dir='ltr'><strong>cause</strong></span> <span class='ocrx_word' id='word_1_128' title='bbox 1163 1868 1254 1956; x_wconf 83' lang='lat' dir='ltr'><strong>judi-</strong></span> 
     </span>
     <span class='ocr_line' id='line_1_17' title="bbox 129 1971 1255 2063; baseline -0.004 -25"><span class='ocrx_word' id='word_1_129' title='bbox 129 1973 217 2038; x_wconf 90' lang='lat' dir='ltr'><strong>tium</strong></span> <span class='ocrx_word' id='word_1_130' title='bbox 247 1973 375 2038; x_wconf 88' lang='lat' dir='ltr'><strong>ratione</strong></span> <span class='ocrx_word' id='word_1_131' title='bbox 404 1974 543 2038; x_wconf 91' lang='lat' dir='ltr'><strong>dominii</strong></span> <span class='ocrx_word' id='word_1_132' title='bbox 572 1973 779 2063; x_wconf 90' lang='lat' dir='ltr'><strong>pertinebat,</strong></span> <span class='ocrx_word' id='word_1_133' title='bbox 806 1973 895 2062; x_wconf 91' lang='lat' dir='ltr'><strong>quod</strong></span> <span class='ocrx_word' id='word_1_134' title='bbox 924 1973 989 2062; x_wconf 90' lang='lat' dir='ltr'><strong>ipsi</strong></span> <span class='ocrx_word' id='word_1_135' title='bbox 1018 1983 1095 2036; x_wconf 87' lang='lat' dir='ltr'><strong>sunt</strong></span> <span class='ocrx_word' id='word_1_136' title='bbox 1121 1971 1255 2060; x_wconf 89' lang='lat' dir='ltr'><strong>penitus</strong></span> 
     </span>
     <span class='ocr_line' id='line_1_18' title="bbox 131 2073 1255 2165; baseline -0.003 -26"><span class='ocrx_word' id='word_1_137' title='bbox 131 2074 317 2165; x_wconf 88' lang='lat' dir='ltr'><strong>aspernati.</strong></span> <span class='ocrx_word' id='word_1_138' title='bbox 339 2075 469 2141; x_wconf 88' lang='lat' dir='ltr'><strong>Deinde</strong></span> <span class='ocrx_word' id='word_1_139' title='bbox 488 2075 611 2165; x_wconf 89' lang='lat' dir='ltr'><strong>optulit</strong></span> <span class='ocrx_word' id='word_1_140' title='bbox 630 2075 696 2140; x_wconf 91' lang='lat' dir='ltr'><strong>illis</strong></span> <span class='ocrx_word' id='word_1_141' title='bbox 712 2088 747 2140; x_wconf 94' lang='lat' dir='ltr'><strong>ut</strong></span> <span class='ocrx_word' id='word_1_142' title='bbox 764 2089 830 2140; x_wconf 92' lang='lat' dir='ltr'><strong>tam</strong></span> <span class='ocrx_word' id='word_1_143' title='bbox 852 2074 985 2164; x_wconf 89' lang='lat' dir='ltr'><strong>abipso</strong></span> <span class='ocrx_word' id='word_1_144' title='bbox 1007 2095 1115 2163; x_wconf 90' lang='lat' dir='ltr'><strong>quam·</strong></span> <span class='ocrx_word' id='word_1_145' title='bbox 1127 2075 1167 2137; x_wconf 87' lang='lat' dir='ltr'><strong>ab</strong></span> <span class='ocrx_word' id='word_1_146' title='bbox 1189 2073 1255 2137; x_wconf 93' lang='lat' dir='ltr'><strong>illis</strong></span> 
     </span>
     <span class='ocr_line' id='line_1_19' title="bbox 131 2176 1256 2268; baseline -0.003 -26"><span class='ocrx_word' id='word_1_147' title='bbox 131 2177 341 2268; x_wconf 76' lang='lat' dir='ltr'><strong>eligerentur</strong></span> <span class='ocrx_word' id='word_1_148' title='bbox 357 2191 499 2268; x_wconf 89' lang='lat' dir='ltr'><strong>quatuor</strong></span> <span class='ocrx_word' id='word_1_149' title='bbox 515 2180 576 2244; x_wconf 91' lang='lat' dir='ltr'><strong>viri</strong></span> <span class='ocrx_word' id='word_1_150' title='bbox 592 2179 774 2267; x_wconf 87' lang='lat' dir='ltr'><strong>prudentes</strong></span> <span class='ocrx_word' id='word_1_151' title='bbox 793 2179 850 2266; x_wconf 92' lang='lat' dir='ltr'><strong>qui</strong></span> <span class='ocrx_word' id='word_1_152' title='bbox 867 2201 930 2243; x_wconf 87' lang='lat' dir='ltr'><strong>una</strong></span> <span class='ocrx_word' id='word_1_153' title='bbox 947 2176 1120 2241; x_wconf 89' lang='lat' dir='ltr'><strong>nobiscum</strong></span> <span class='ocrx_word' id='word_1_154' title='bbox 1141 2177 1256 2240; x_wconf 85' lang='lat' dir='ltr'><strong>subor-</strong></span> 
     </span>
     <span class='ocr_line' id='line_1_20' title="bbox 131 2278 1256 2370; baseline -0.003 -24"><span class='ocrx_word' id='word_1_155' title='bbox 131 2295 203 2346; x_wconf 90' lang='lat' dir='ltr'><strong>tam</strong></span> <span class='ocrx_word' id='word_1_156' title='bbox 220 2279 309 2346; x_wconf 91' lang='lat' dir='ltr'><strong>inter</strong></span> <span class='ocrx_word' id='word_1_157' title='bbox 324 2305 380 2346; x_wconf 92' lang='lat' dir='ltr'><strong>eos</strong></span> <span class='ocrx_word' id='word_1_158' title='bbox 396 2281 599 2347; x_wconf 89' lang='lat' dir='ltr'><strong>discordiam</strong></span> <span class='ocrx_word' id='word_1_159' title='bbox 614 2280 844 2361; x_wconf 87' lang='lat' dir='ltr'><strong>terminarent,</strong></span> <span class='ocrx_word' id='word_1_160' title='bbox 858 2281 1057 2370; x_wconf 90' lang='lat' dir='ltr'><strong>promittens</strong></span> <span class='ocrx_word' id='word_1_161' title='bbox 1073 2278 1163 2369; x_wconf 96' lang='lat' dir='ltr'><strong>quod</strong></span> <span class='ocrx_word' id='word_1_162' title='bbox 1181 2291 1256 2346; x_wconf 89' lang='lat' dir='ltr'><strong>ante</strong></span> 
     </span>
     <span class='ocr_line' id='line_1_21' title="bbox 133 2381 1256 2473; baseline -0.004 -23"><span class='ocrx_word' id='word_1_163' title='bbox 133 2383 248 2450; x_wconf 89' lang='lat' dir='ltr'><strong>omnia</strong></span> <span class='ocrx_word' id='word_1_164' title='bbox 274 2396 445 2449; x_wconf 88' lang='lat' dir='ltr'><strong>revocaret</strong></span> <span class='ocrx_word' id='word_1_165' title='bbox 470 2385 641 2450; x_wconf 89' lang='lat' dir='ltr'><strong>universos</strong></span> <span class='ocrx_word' id='word_1_166' title='bbox 670 2385 792 2448; x_wconf 86' lang='lat' dir='ltr'><strong>abusus</strong></span> <span class='ocrx_word' id='word_1_167' title='bbox 824 2383 1025 2473; x_wconf 88' lang='lat' dir='ltr'><strong>quicumque</strong></span> <span class='ocrx_word' id='word_1_168' title='bbox 1052 2383 1193 2448; x_wconf 85' lang='lat' dir='ltr'><strong>fuissent</strong></span> <span class='ocrx_word' id='word_1_169' title='bbox 1222 2381 1256 2446; x_wconf 90' lang='lat' dir='ltr'><strong>in</strong></span> 
     </span>
     <span class='ocr_line' id='line_1_22' title="bbox 133 2489 1257 2580; baseline -0.004 -23"><span class='ocrx_word' id='word_1_170' title='bbox 133 2490 292 2580; x_wconf 81' lang='lat' dir='ltr'><strong>Angliam</strong></span> <span class='ocrx_word' id='word_1_171' title='bbox 318 2515 377 2554; x_wconf 93' lang='lat' dir='ltr'><strong>suo</strong></span> <span class='ocrx_word' id='word_1_172' title='bbox 400 2501 552 2580; x_wconf 88' lang='lat' dir='ltr'><strong>tempure</strong></span> <span class='ocrx_word' id='word_1_173' title='bbox 574 2489 773 2571; x_wconf 88' lang='lat' dir='ltr'><strong>introducti;</strong></span> <span class='ocrx_word' id='word_1_174' title='bbox 799 2490 942 2555; x_wconf 89' lang='lat' dir='ltr'><strong>sednec</strong></span> <span class='ocrx_word' id='word_1_175' title='bbox 968 2490 1031 2554; x_wconf 91' lang='lat' dir='ltr'><strong>hoc</strong></span> <span class='ocrx_word' id='word_1_176' title='bbox 1057 2489 1106 2553; x_wconf 92' lang='lat' dir='ltr'><strong>illi</strong></span> <span class='ocrx_word' id='word_1_177' title='bbox 1128 2489 1257 2580; x_wconf 85' lang='lat' dir='ltr'><strong>dignati</strong></span> 
     </span>
     <span class='ocr_line' id='line_1_23' title="bbox 135 2590 1259 2683; baseline -0.004 -25"><span class='ocrx_word' id='word_1_178' title='bbox 135 2606 217 2658; x_wconf 70' lang='lat' dir='ltr'><strong>stunt</strong></span> <span class='ocrx_word' id='word_1_179' title='bbox 232 2605 416 2683; x_wconf 89' lang='lat' dir='ltr'><strong>acceptare.</strong></span> <span class='ocrx_word' id='word_1_180' title='bbox 433 2594 580 2658; x_wconf 87' lang='lat' dir='ltr'><strong>&#39;landem</strong></span> <span class='ocrx_word' id='word_1_181' title='bbox 593 2595 664 2658; x_wconf 92' lang='lat' dir='ltr'><strong>Rex</strong></span> <span class='ocrx_word' id='word_1_182' title='bbox 678 2591 745 2656; x_wconf 92' lang='lat' dir='ltr'><strong>illis</strong></span> <span class='ocrx_word' id='word_1_183' title='bbox 759 2593 936 2682; x_wconf 90' lang='lat' dir='ltr'><strong>proposuit</strong></span> <span class='ocrx_word' id='word_1_184' title='bbox 951 2591 1053 2680; x_wconf 91' lang='lat' dir='ltr'><strong>quod,</strong></span> <span class='ocrx_word' id='word_1_185' title='bbox 1073 2614 1146 2656; x_wconf 90' lang='lat' dir='ltr'><strong>oum</strong></span> <span class='ocrx_word' id='word_1_186' title='bbox 1162 2590 1259 2680; x_wconf 87' lang='lat' dir='ltr'><strong>regni</strong></span> 
     </span>
     <span class='ocr_line' id='line_1_24' title="bbox 134 2695 1259 2783; baseline -0.004 -22"><span class='ocrx_word' id='word_1_187' title='bbox 134 2695 321 2761; x_wconf 90' lang='lat' dir='ltr'><strong>dominium</strong></span> <span class='ocrx_word' id='word_1_188' title='bbox 335 2695 376 2761; x_wconf 91' lang='lat' dir='ltr'><strong>ad</strong></span> <span class='ocrx_word' id='word_1_189' title='bbox 387 2719 553 2760; x_wconf 84' lang='lat' dir='ltr'><strong>romanam</strong></span> <span class='ocrx_word' id='word_1_190' title='bbox 568 2696 743 2760; x_wconf 89' lang='lat' dir='ltr'><strong>ecclesiam</strong></span> <span class='ocrx_word' id='word_1_191' title='bbox 758 2695 953 2783; x_wconf 88' lang='lat' dir='ltr'><strong>pertineret,</strong></span> <span class='ocrx_word' id='word_1_192' title='bbox 967 2695 1038 2783; x_wconf 86' lang='lat' dir='ltr'><strong>ipse</strong></span> <span class='ocrx_word' id='word_1_193' title='bbox 1054 2718 1116 2759; x_wconf 90' lang='lat' dir='ltr'><strong>nec</strong></span> <span class='ocrx_word' id='word_1_194' title='bbox 1127 2705 1259 2782; x_wconf 90' lang='lat' dir='ltr'><strong>poterat</strong></span> 
     </span>
    </p>
   </div>
   <div class='ocr_carea' id='block_1_3' title="bbox 136 2794 1259 2985">
    <p class='ocr_par' dir='ltr' id='par_1_3' title="bbox 136 2794 1259 2985">
     <span class='ocr_line' id='line_1_25' title="bbox 136 2794 1259 2888; baseline -0.005 -24"><span class='ocrx_word' id='word_1_195' title='bbox 136 2824 200 2864; x_wconf 89' lang='lat' dir='ltr'><strong>nce</strong></span> <span class='ocrx_word' id='word_1_196' title='bbox 223 2798 368 2864; x_wconf 84' lang='lat' dir='ltr'><strong>debebat</strong></span> <span class='ocrx_word' id='word_1_197' title='bbox 392 2799 518 2888; x_wconf 87' lang='lat' dir='ltr'><strong>absque</strong></span> <span class='ocrx_word' id='word_1_198' title='bbox 544 2811 657 2863; x_wconf 88' lang='lat' dir='ltr'><strong>nostro</strong></span> <span class='ocrx_word' id='word_1_199' title='bbox 680 2795 810 2885; x_wconf 88' lang='lat' dir='ltr'><strong>spetiali</strong></span> <span class='ocrx_word' id='word_1_200' title='bbox 836 2796 990 2868; x_wconf 83' lang='lat' dir='ltr'><strong>mandato</strong></span> <span class='ocrx_word' id='word_1_201' title='bbox 1016 2795 1194 2884; x_wconf 88' lang='lat' dir='ltr'><strong>quicquam</strong></span> <span class='ocrx_word' id='word_1_202' title='bbox 1218 2794 1259 2862; x_wconf 87' lang='lat' dir='ltr'><strong>de</strong></span> 
     </span>
     <span class='ocr_line' id='line_1_26' title="bbox 136 2889 1258 2985; baseline -0.005 -24"><span class='ocrx_word' id='word_1_203' title='bbox 136 2896 196 2962; x_wconf 94' lang='lat' dir='ltr'><strong>illo</strong></span> <span class='ocrx_word' id='word_1_204' title='bbox 216 2897 251 2961; x_wconf 92' lang='lat' dir='ltr'><strong>in</strong></span> <span class='ocrx_word' id='word_1_205' title='bbox 272 2909 421 2960; x_wconf 89' lang='lat' dir='ltr'><strong>nostrum</strong></span> <span class='ocrx_word' id='word_1_206' title='bbox 437 2894 652 2985; x_wconf 85' lang='lat' dir='ltr'><strong>prejuditium</strong></span> <span class='ocrx_word' id='word_1_207' title='bbox 673 2894 857 2974; x_wconf 89' lang='lat' dir='ltr'><strong>immutare,</strong></span> <span class='ocrx_word' id='word_1_208' title='bbox 881 2894 968 2959; x_wconf 91' lang='lat' dir='ltr'><strong>unde</strong></span> <span class='ocrx_word' id='word_1_209' title='bbox 989 2889 1102 2958; x_wconf 92' lang='lat' dir='ltr'><strong>rursus</strong></span> <span class='ocrx_word' id='word_1_210' title='bbox 1119 2893 1159 2957; x_wconf 88' lang='lat' dir='ltr'><strong>ad</strong></span> <span class='ocrx_word' id='word_1_211' title='bbox 1181 2916 1258 2956; x_wconf 90' lang='lat' dir='ltr'><strong>nos-</strong></span> 
     </span>
    </p>
   </div>
   <div class='ocr_carea' id='block_1_4' title="bbox 136 2994 1345 4107">
    <p class='ocr_par' dir='ltr' id='par_1_4' title="bbox 136 2994 1345 4107">
     <span class='ocr_line' id='line_1_27' title="bbox 136 2994 1260 3088; baseline -0.005 -24"><span class='ocrx_word' id='word_1_212' title='bbox 136 3013 225 3064; x_wconf 87' lang='lat' dir='ltr'><strong>tram</strong></span> <span class='ocrx_word' id='word_1_213' title='bbox 241 2998 443 3064; x_wconf 90' lang='lat' dir='ltr'><strong>audientiam</strong></span> <span class='ocrx_word' id='word_1_214' title='bbox 462 2998 650 3088; x_wconf 87' lang='lat' dir='ltr'><strong>appellavit,</strong></span> <span class='ocrx_word' id='word_1_215' title='bbox 672 3021 707 3062; x_wconf 92' lang='lat' dir='ltr'><strong>se</strong></span> <span class='ocrx_word' id='word_1_216' title='bbox 720 2998 829 3086; x_wconf 91' lang='lat' dir='ltr'><strong>ipsum</strong></span> <span class='ocrx_word' id='word_1_217' title='bbox 850 3019 887 3060; x_wconf 92' lang='lat' dir='ltr'><strong>ac</strong></span> <span class='ocrx_word' id='word_1_218' title='bbox 908 2998 1058 3086; x_wconf 85' lang='lat' dir='ltr'><strong>Regnum</strong></span> <span class='ocrx_word' id='word_1_219' title='bbox 1077 2994 1260 3060; x_wconf 89' lang='lat' dir='ltr'><strong>cumomni</strong></span> 
     </span>
     <span class='ocr_line' id='line_1_28' title="bbox 137 3095 1257 3189; baseline -0.007 -21"><span class='ocrx_word' id='word_1_220' title='bbox 137 3105 268 3168; x_wconf 88' lang='lat' dir='ltr'><strong>honore</strong></span> <span class='ocrx_word' id='word_1_221' title='bbox 291 3125 328 3165; x_wconf 88' lang='lat' dir='ltr'><strong>uc</strong></span> <span class='ocrx_word' id='word_1_222' title='bbox 347 3103 422 3189; x_wconf 91' lang='lat' dir='ltr'><strong>jure</strong></span> <span class='ocrx_word' id='word_1_223' title='bbox 441 3125 500 3166; x_wconf 88' lang='lat' dir='ltr'><strong>suo</strong></span> <span class='ocrx_word' id='word_1_224' title='bbox 524 3097 707 3188; x_wconf 88' lang='lat' dir='ltr'><strong>apostolice</strong></span> <span class='ocrx_word' id='word_1_225' title='bbox 725 3097 927 3188; x_wconf 90' lang='lat' dir='ltr'><strong>protectioni</strong></span> <span class='ocrx_word' id='word_1_226' title='bbox 947 3121 1161 3188; x_wconf 87' lang='lat' dir='ltr'><strong>supponens;</strong></span> <span class='ocrx_word' id='word_1_227' title='bbox 1187 3095 1257 3174; x_wconf 90' lang='lat' dir='ltr'><strong>sed,</strong></span> 
     </span>
     <span class='ocr_line' id='line_1_29' title="bbox 139 3199 1259 3294; baseline -0.008 -24"><span class='ocrx_word' id='word_1_228' title='bbox 139 3229 216 3270; x_wconf 89' lang='lat' dir='ltr'><strong>cum</strong></span> <span class='ocrx_word' id='word_1_229' title='bbox 239 3202 452 3269; x_wconf 90' lang='lat' dir='ltr'><strong>nullomodo</strong></span> <span class='ocrx_word' id='word_1_230' title='bbox 476 3202 663 3293; x_wconf 87' lang='lat' dir='ltr'><strong>proficeret,</strong></span> <span class='ocrx_word' id='word_1_231' title='bbox 684 3201 865 3291; x_wconf 90' lang='lat' dir='ltr'><strong>postulavit</strong></span> <span class='ocrx_word' id='word_1_232' title='bbox 888 3202 929 3265; x_wconf 89' lang='lat' dir='ltr'><strong>ab</strong></span> <span class='ocrx_word' id='word_1_233' title='bbox 947 3199 1200 3294; x_wconf 85' lang='lat' dir='ltr'><strong>archiepiscopo</strong></span> <span class='ocrx_word' id='word_1_234' title='bbox 1226 3210 1259 3264; x_wconf 89' lang='lat' dir='ltr'><strong>et</strong></span> 
     </span>
     <span class='ocr_line' id='line_1_30' title="bbox 139 3301 1345 3396; baseline -0.003 -24"><span class='ocrx_word' id='word_1_235' title='bbox 139 3305 310 3396; x_wconf 88' lang='lat' dir='ltr'><strong>episcopis</strong></span> <span class='ocrx_word' id='word_1_236' title='bbox 322 3317 358 3370; x_wconf 88' lang='lat' dir='ltr'><strong>ut</strong></span> <span class='ocrx_word' id='word_1_237' title='bbox 372 3305 437 3395; x_wconf 90' lang='lat' dir='ltr'><strong>ipsi</strong></span> <span class='ocrx_word' id='word_1_238' title='bbox 453 3319 601 3371; x_wconf 88' lang='lat' dir='ltr'><strong>nostrum</strong></span> <span class='ocrx_word' id='word_1_239' title='bbox 618 3316 863 3394; x_wconf 87' lang='lat' dir='ltr'><strong>exequerentur</strong></span> <span class='ocrx_word' id='word_1_240' title='bbox 879 3303 1143 3388; x_wconf 86' lang='lat' dir='ltr'><strong>mandatum‚jus</strong></span> <span class='ocrx_word' id='word_1_241' title='bbox 1157 3301 1262 3367; x_wconf 87' lang='lat' dir='ltr'><strong>eccle·</strong></span> <span class='ocrx_word' id='word_1_242' title='bbox 1343 3363 1345 3368; x_wconf 91' lang='lat'><em>.</em></span> 
     </span>
     <span class='ocr_line' id='line_1_31' title="bbox 140 3403 1261 3487; baseline -0.005 -15"><span class='ocrx_word' id='word_1_243' title='bbox 140 3411 189 3473; x_wconf 89' lang='lat' dir='ltr'><strong>sie</strong></span> <span class='ocrx_word' id='word_1_244' title='bbox 206 3432 342 3474; x_wconf 88' lang='lat' dir='ltr'><strong>romane</strong></span> <span class='ocrx_word' id='word_1_245' title='bbox 356 3408 587 3487; x_wconf 82' lang='lat' dir='ltr'><strong>defenderent,</strong></span> <span class='ocrx_word' id='word_1_246' title='bbox 599 3431 635 3472; x_wconf 89' lang='lat' dir='ltr'><strong>ac</strong></span> <span class='ocrx_word' id='word_1_247' title='bbox 648 3418 823 3471; x_wconf 87' lang='lat' dir='ltr'><strong>tuerentur</strong></span> <span class='ocrx_word' id='word_1_248' title='bbox 833 3406 986 3484; x_wconf 90' lang='lat' dir='ltr'><strong>eundem,</strong></span> <span class='ocrx_word' id='word_1_249' title='bbox 1001 3403 1183 3469; x_wconf 62' lang='lat' dir='ltr'><strong>&#39;secundum</strong></span> <span class='ocrx_word' id='word_1_250' title='bbox 1197 3403 1261 3467; x_wconf 85' lang='lat' dir='ltr'><strong>for-</strong></span> 
     </span>
     <span class='ocr_line' id='line_1_32' title="bbox 142 3504 1262 3601; baseline -0.004 -26"><span class='ocrx_word' id='word_1_251' title='bbox 142 3536 230 3576; x_wconf 88' lang='lat' dir='ltr'><strong>mam</strong></span> <span class='ocrx_word' id='word_1_252' title='bbox 254 3509 420 3601; x_wconf 87' lang='lat' dir='ltr'><strong>privilegii</strong></span> <span class='ocrx_word' id='word_1_253' title='bbox 442 3510 681 3600; x_wconf 85' lang='lat' dir='ltr'><strong>crucesignatis</strong></span> <span class='ocrx_word' id='word_1_254' title='bbox 696 3507 830 3573; x_wconf 91' lang='lat' dir='ltr'><strong>indulti.</strong></span> <span class='ocrx_word' id='word_1_255' title='bbox 850 3510 965 3588; x_wconf 89' lang='lat' dir='ltr'><strong>Porro,</strong></span> <span class='ocrx_word' id='word_1_256' title='bbox 982 3530 1056 3571; x_wconf 90' lang='lat' dir='ltr'><strong>cum</strong></span> <span class='ocrx_word' id='word_1_257' title='bbox 1077 3505 1140 3594; x_wconf 91' lang='lat' dir='ltr'><strong>ipsi</strong></span> <span class='ocrx_word' id='word_1_258' title='bbox 1159 3504 1262 3574; x_wconf 90' lang='lat' dir='ltr'><strong>nichil</strong></span> 
     </span>
     <span class='ocr_line' id='line_1_33' title="bbox 140 3607 1264 3697; baseline -0.007 -17"><span class='ocrx_word' id='word_1_259' title='bbox 140 3617 263 3680; x_wconf 90' lang='lat' dir='ltr'><strong>horum</strong></span> <span class='ocrx_word' id='word_1_260' title='bbox 289 3614 395 3678; x_wconf 84' lang='lat' dir='ltr'><strong>facere</strong></span> <span class='ocrx_word' id='word_1_261' title='bbox 421 3611 622 3689; x_wconf 91' lang='lat' dir='ltr'><strong>voluissent,</strong></span> <span class='ocrx_word' id='word_1_262' title='bbox 646 3609 763 3676; x_wconf 90' lang='lat' dir='ltr'><strong>videns</strong></span> <span class='ocrx_word' id='word_1_263' title='bbox 792 3634 826 3674; x_wconf 90' lang='lat' dir='ltr'><strong>se</strong></span> <span class='ocrx_word' id='word_1_264' title='bbox 849 3609 937 3674; x_wconf 91' lang='lat' dir='ltr'><strong>omni</strong></span> <span class='ocrx_word' id='word_1_265' title='bbox 959 3632 1044 3697; x_wconf 89' lang='lat' dir='ltr'><strong>pene</strong></span> <span class='ocrx_word' id='word_1_266' title='bbox 1068 3607 1206 3672; x_wconf 88' lang='lat' dir='ltr'><strong>consilio</strong></span> <span class='ocrx_word' id='word_1_267' title='bbox 1230 3620 1264 3672; x_wconf 92' lang='lat' dir='ltr'><strong>et</strong></span> 
     </span>
     <span class='ocr_line' id='line_1_34' title="bbox 140 3711 1265 3801; baseline -0.009 -19"><span class='ocrx_word' id='word_1_268' title='bbox 140 3715 265 3782; x_wconf 89' lang='lat' dir='ltr'><strong>auxilio</strong></span> <span class='ocrx_word' id='word_1_269' title='bbox 289 3714 502 3793; x_wconf 90' lang='lat' dir='ltr'><strong>destitutum,</strong></span> <span class='ocrx_word' id='word_1_270' title='bbox 531 3713 691 3801; x_wconf 91' lang='lat' dir='ltr'><strong>quicquid</strong></span> <span class='ocrx_word' id='word_1_271' title='bbox 715 3712 765 3777; x_wconf 92' lang='lat' dir='ltr'><strong>illi</strong></span> <span class='ocrx_word' id='word_1_272' title='bbox 787 3711 857 3776; x_wconf 90' lang='lat' dir='ltr'><strong>ausi</strong></span> <span class='ocrx_word' id='word_1_273' title='bbox 884 3725 962 3776; x_wconf 87' lang='lat' dir='ltr'><strong>sunt</strong></span> <span class='ocrx_word' id='word_1_274' title='bbox 984 3722 1098 3800; x_wconf 92' lang='lat' dir='ltr'><strong>petere</strong></span> <span class='ocrx_word' id='word_1_275' title='bbox 1122 3734 1187 3774; x_wconf 91' lang='lat' dir='ltr'><strong>non</strong></span> <span class='ocrx_word' id='word_1_276' title='bbox 1213 3722 1265 3773; x_wconf 89' lang='lat' dir='ltr'><strong>est</strong></span> 
     </span>
     <span class='ocr_line' id='line_1_35' title="bbox 138 3813 1261 3908; baseline -0.009 -24"><span class='ocrx_word' id='word_1_277' title='bbox 138 3842 243 3884; x_wconf 87' lang='lat' dir='ltr'><strong>ausus</strong></span> <span class='ocrx_word' id='word_1_278' title='bbox 264 3818 335 3906; x_wconf 90' lang='lat' dir='ltr'><strong>ipse</strong></span> <span class='ocrx_word' id='word_1_279' title='bbox 356 3840 491 3908; x_wconf 88' lang='lat' dir='ltr'><strong>negare.</strong></span> <span class='ocrx_word' id='word_1_280' title='bbox 514 3815 610 3882; x_wconf 92' lang='lat' dir='ltr'><strong>Unde</strong></span> <span class='ocrx_word' id='word_1_281' title='bbox 630 3814 811 3903; x_wconf 91' lang='lat' dir='ltr'><strong>conpulsus</strong></span> <span class='ocrx_word' id='word_1_282' title='bbox 831 3825 882 3878; x_wconf 90' lang='lat' dir='ltr'><strong>est</strong></span> <span class='ocrx_word' id='word_1_283' title='bbox 904 3838 964 3902; x_wconf 90' lang='lat' dir='ltr'><strong>per</strong></span> <span class='ocrx_word' id='word_1_284' title='bbox 983 3813 1047 3878; x_wconf 92' lang='lat' dir='ltr'><strong>vim</strong></span> <span class='ocrx_word' id='word_1_285' title='bbox 1068 3824 1101 3876; x_wconf 90' lang='lat' dir='ltr'><strong>et</strong></span> <span class='ocrx_word' id='word_1_286' title='bbox 1122 3824 1261 3890; x_wconf 90' lang='lat' dir='ltr'><strong>metum,</strong></span> 
     </span>
     <span class='ocr_line' id='line_1_36' title="bbox 138 3915 1264 4012; baseline -0.01 -25"><span class='ocrx_word' id='word_1_287' title='bbox 138 3921 199 4012; x_wconf 91' lang='lat' dir='ltr'><strong>qui</strong></span> <span class='ocrx_word' id='word_1_288' title='bbox 216 3920 337 3984; x_wconf 87' lang='lat' dir='ltr'><strong>cadere</strong></span> <span class='ocrx_word' id='word_1_289' title='bbox 354 3931 485 4010; x_wconf 88' lang='lat' dir='ltr'><strong>poterat</strong></span> <span class='ocrx_word' id='word_1_290' title='bbox 500 3919 534 3982; x_wconf 91' lang='lat' dir='ltr'><strong>in</strong></span> <span class='ocrx_word' id='word_1_291' title='bbox 551 3917 657 3982; x_wconf 88' lang='lat' dir='ltr'><strong>virum</strong></span> <span class='ocrx_word' id='word_1_292' title='bbox 678 3917 775 3982; x_wconf 88' lang='lat' dir='ltr'><strong>etiam</strong></span> <span class='ocrx_word' id='word_1_293' title='bbox 791 3915 1109 3995; x_wconf 88' lang='lat' dir='ltr'><strong>constantissimum,</strong></span> <span class='ocrx_word' id='word_1_294' title='bbox 1128 3935 1264 4000; x_wconf 87' lang='lat' dir='ltr'><strong>compo-</strong></span> 
     </span>
     <span class='ocr_line' id='line_1_37' title="bbox 138 4016 1263 4107; baseline -0.009 -20"><span class='ocrx_word' id='word_1_295' title='bbox 138 4021 300 4089; x_wconf 89' lang='lat' dir='ltr'><strong>sitionem</strong></span> <span class='ocrx_word' id='word_1_296' title='bbox 317 4021 426 4085; x_wconf 91' lang='lat' dir='ltr'><strong>inhire</strong></span> <span class='ocrx_word' id='word_1_297' title='bbox 443 4043 515 4083; x_wconf 92' lang='lat' dir='ltr'><strong>cum</strong></span> <span class='ocrx_word' id='word_1_298' title='bbox 533 4019 615 4107; x_wconf 90' lang='lat' dir='ltr'><strong>ipsis</strong></span> <span class='ocrx_word' id='word_1_299' title='bbox 631 4042 697 4082; x_wconf 91' lang='lat' dir='ltr'><strong>non</strong></span> <span class='ocrx_word' id='word_1_300' title='bbox 714 4017 819 4082; x_wconf 88' lang='lat' dir='ltr'><strong>solum</strong></span> <span class='ocrx_word' id='word_1_301' title='bbox 833 4016 932 4082; x_wconf 90' lang='lat' dir='ltr'><strong>vilem</strong></span> <span class='ocrx_word' id='word_1_302' title='bbox 949 4029 981 4081; x_wconf 87' lang='lat' dir='ltr'><strong>et</strong></span> <span class='ocrx_word' id='word_1_303' title='bbox 995 4028 1138 4104; x_wconf 90' lang='lat' dir='ltr'><strong>turpem,</strong></span> <span class='ocrx_word' id='word_1_304' title='bbox 1151 4037 1263 4078; x_wconf 87' lang='lat' dir='ltr'><strong>verum</strong></span> 
     </span>
    </p>
   </div>
   <div class='ocr_carea' id='block_1_5' title="bbox 138 4115 1263 4214">
    <p class='ocr_par' dir='ltr' id='par_1_5' title="bbox 138 4115 1263 4214">
     <span class='ocr_line' id='line_1_38' title="bbox 138 4115 1263 4214; baseline -0.012 -23"><span class='ocrx_word' id='word_1_305' title='bbox 138 4127 245 4196; x_wconf 84' lang='lat' dir='ltr'><strong>etiam</strong></span> <span class='ocrx_word' id='word_1_306' title='bbox 260 4121 408 4194; x_wconf 88' lang='lat' dir='ltr'><strong>illicitam</strong></span> <span class='ocrx_word' id='word_1_307' title='bbox 427 4133 460 4190; x_wconf 89' lang='lat' dir='ltr'><strong>et</strong></span> <span class='ocrx_word' id='word_1_308' title='bbox 475 4121 635 4214; x_wconf 88' lang='lat' dir='ltr'><strong>iniquam,</strong></span> <span class='ocrx_word' id='word_1_309' title='bbox 649 4120 683 4190; x_wconf 92' lang='lat' dir='ltr'><strong>in</strong></span> <span class='ocrx_word' id='word_1_310' title='bbox 702 4118 836 4192; x_wconf 86' lang='lat' dir='ltr'><strong>nimiam</strong></span> <span class='ocrx_word' id='word_1_311' title='bbox 853 4119 1107 4192; x_wconf 83' lang='lat' dir='ltr'><strong>diminutionem</strong></span> <span class='ocrx_word' id='word_1_312' title='bbox 1124 4129 1156 4180; x_wconf 91' lang='lat' dir='ltr'><strong>et</strong></span> <span class='ocrx_word' id='word_1_313' title='bbox 1171 4115 1263 4186; x_wconf 85' lang='lat' dir='ltr'><strong>dero-</strong></span> 
     </span>
    </p>
   </div>
   <div class='ocr_carea' id='block_1_6' title="bbox 0 0 1421 4854">
    <p class='ocr_par' dir='ltr' id='par_1_6' title="bbox 0 0 1421 4854">
     <span class='ocr_line' id='line_1_39' title="bbox 0 0 1421 4854; baseline 0 0"><span class='ocrx_word' id='word_1_314' title='bbox 0 0 1421 4854; x_wconf 95' lang='lat' dir='ltr'><strong> </strong></span> 
     </span>
    </p>
   </div>
  </div>
 </body>
</html>
