2796 4854
173 337 203 382 56
431 331 580 382 CHARTES
599 331 660 379 DES
679 317 838 380 uincatis
856 331 1037 380 ANGLAISES

176 451 310 514 nicatur
328 447 362 514 in
384 450 493 513 terra¹
519 457 633 514 contra
661 470 720 511 nos
741 445 926 537 gavarrina3
952 459 1002 527 ct,
1025 446 1053 512 si
1080 446 1185 512 nostri
1213 447 1298 512 salvi

176 553 243 616 sint
262 550 321 630 ibi,
341 551 395 616 alii
415 549 494 616 salvi
512 549 627 614 sintin
643 561 732 614 terra
752 561 877 614 nostra.

218 693 259 758 31
272 691 348 781 (43).
375 692 409 758 Si
423 693 497 781 quis
511 690 657 758 tenuerit
669 691 711 755 de
726 691 835 782 aliqua
853 703 994 771 escaetm
1008 693 1093 756 sicut
1107 690 1148 756 dc
1163 693 1299 758 honore

176 794 463 885 Wallingciordie‚
485 794 638 874 Bolonic‚
660 793 909 882 Notingeham.,
931 793 1131 872 lancastrie,
1157 792 1208 858 vcl
1229 794 1300 858 de2

176 897 249 963 aliis
272 921 337 988 quc
359 898 491 962 suntin
515 920 610 961 manu
637 909 764 974 nostra,
788 908 820 960 ct
840 897 907 960 sint
927 894 1078 978 baronio,
1100 908 1132 960 ct
1154 895 1293 975 obierit,

176 1003 273 1066 heres
296 1003 366 1087 ejus
392 1023 458 1064 non
484 999 540 1064 det
567 998 656 1064 aliud
685 997 842 1064 relevium
869 1023 929 1064 nec
956 999 1053 1063 faciat
1079 996 1174 1063 uobis
1201 998 1298 1062 aliud

177 1102 350 1168 servicium
378 1125 477 1191 quam
507 1102 629 1166 faceret
659 1100 789 1182 baroni,
824 1101 851 1165 si
884 1101 954 1191 ipsa
986 1101 1098 1166 essct³
1128 1099 1162 1164 in
1193 1125 1298 1165 manu

176 1203 329 1282 baronis3
349 1215 382 1268 et
402 1227 462 1267 uos
482 1203 598 1268 codem
620 1203 717 1268 modo
735 1227 805 1268 eam
826 1204 1015 1268 tenebimus
1034 1227 1099 1291 quo
1120 1203 1199 1267 baro
1222 1227 1299 1267 eam

176 1303 324 1384 tenuit⁴;
342 1330 399 1369 uec
414 1329 485 1384 uos,
501 1308 672 1370 occasione
689 1305 766 1369 talis
782 1305 918 1370 baronia
936 1304 986 1369 ccl
1001 1319 1138 1385 escaetc,
1159 1305 1299 1369 babebi-

177 1433 248 1472 mua
274 1408 422 1499 aliquam
445 1422 608 1472 oscactam
636 1407 686 1471 vel
703 1409 885 1472 custodiam
913 1408 1100 1498 aliquorum
1126 1407 1298 1470 bominum

176 1524 376 1588 nostrorum,
409 1513 476 1574 uisi
498 1511 579 1574 alibi
606 1513 747 1574 tenuerit
775 1511 814 1574 da
843 1511 935 1575 uobis
963 1514 996 1574 ia
1024 1513 1130 1598 capite
1156 1509 1208 1574 tlte
1239 1513 1300 1599 qui

179 1615 281 1676 tenuit
301 1613 474 1676 baroniam
491 1611 541 1676 oet
555 1626 732 1676 cscaetam.
808 1645 809 1648 ¹

221 1754 275 1820 32.
302 1754 423 1820 Nullus
448 1755 531 1819 liber
558 1755 652 1819 bomo
682 1755 829 1819 docatcro
858 1755 911 1818 dot
939 1754 1081 1846 amplius
1112 1753 1215 1818 alicui
1249 1754 1302 1816 vel

177 1856 315 1934 cendat⁵
335 1857 375 1920 da
397 1869 488 1920 terra
509 1881 572 1920 sua
593 1879 693 1946 quam
718 1870 753 1920 ut
774 1858 813 1921 da
836 1858 967 1922 residuo
992 1871 1079 1920 terre
1106 1880 1163 1921 sue
1184 1858 1300 1944 possit

177 1958 380 2050 sufficienter
391 1958 471 2044 ficri
481 1959 610 2044 domino
622 1958 714 2050 feodi
726 1963 898 2024 servicium
914 1962 946 2022 ai
959 1959 1102 2023 debitum
1117 1958 1205 2048 quod
1213 1981 1294 2046 per·

180 2066 259 2126 tinet
272 2061 318 2124 ad
328 2061 461 2151 feodum
478 2059 570 2125 illud.

222 2202 265 2268 33
285 2202 363 2291 (46).
391 2206 514 2268 Omnes
548 2204 680 2293 patroni
711 2203 919 2270 abbatiarum
947 2203 1004 2292 qui
1033 2205 1160 2268 habent
1188 2215 1299 2266 cartas

180 2330 295 2396 rogum
326 2305 444 2395 Anglie
474 2307 513 2370 de
536 2306 764 2384 advocatione,
791 2307 841 2370 vel
869 2307 1038 2395 antiquam
1067 2319 1218 2370 tenuram
1250 2304 1303 2368 vel

176 2413 428 2498 possessionem,
459 2409 602 2473 habeant
631 2431 742 2472 carum
771 2409 956 2474 custodiam
987 2431 1061 2472 oum
1089 2405 1296 2486 vacaverint,

180 2513 266 2576 sicut
280 2512 403 2576 habere
421 2510 556 2589 debent,
572 2524 602 2574 ct
615 2515 700 2574 sicut
717 2510 844 2599 suprafi
860 2511 1067 2575 declaratum
1085 2523 1143 2573 cst.

223 2653 266 2717 34
283 2653 363 2740 (54).
387 2652 504 2719 Nullus
525 2632 674 2741 capiatur
692 2651 742 2716 vel
761 2651 1000 2743 imprisonetur
1022 2665 1160 2741 propter
1179 2649 1297 2740 appel·

179 2756 247 2820 lum
269 2755 390 2820 semine
408 2753 449 2819 de
470 2767 576 2819 morte
595 2753 730 2819 alterius
747 2779 846 2845 quam
863 2754 925 2819 viri
941 2754 1024 2820 suit.

214 2940 235 2986 1.
254 2939 314 2986 1297
328 2937 413 3000 ajouta
424 2952 433 2985 :
443 2937 499 2986 itta.

213 3003 234 3048 2.
254 3004 289 3048 Do
307 3000 430 3048 catomis
448 3001 514 3048 dana
532 3001 602 3048 1297.
621 3000 763 3064 L'original
780 3001 812 3048 de
828 3001 928 3048 Lacock
945 3000 1031 3064 aJ'oute
1048 3001 1154 3048 eacaeiis
1171 2999 1250 3062 apr'cs
1268 2998 1301 3046 dc

182 3063 250 3120 aliis,
263 3062 330 3110 snivi
343 3079 374 3110 cn
388 3063 443 3111 cela
455 3079 505 3128 par
519 3061 695 3126 l'Inspeaimus
705 3063 737 3111 dc
750 3064 818 3112 1297.

212 3128 235 3172 3.
255 3127 324 3174 Dans
338 3127 398 3172 1216
408 3127 467 3186 (art.
477 3126 517 3188 35)
530 3141 535 3172 :
546 3126 570 3170 si
581 3130 649 3172 terra
660 3124 790 3184 illaesam,
802 3133 828 3174 ct
839 3125 904 3173 dans
916 3126 975 3174 1217
986 3124 1046 3188 (art.
1060 3124 1100 3186 38)
1112 3141 1117 3176 :
1129 3123 1152 3171 si
1164 3123 1211 3170 iila
1222 3128 1300 3170 esset.

213 3190 236 3234 1.
255 3188 290 3236 Lu
310 3188 399 3235 chorte
419 3187 451 3234 du
472 3188 533 3235 1216
563 3195 611 3236 art.
636 3189 675 3250 36)
695 3205 727 3236 ne
747 3189 831 3236 donne
852 3203 900 3252 pas
918 3189 945 3236 la
965 3189 1001 3235 fin
1019 3187 1051 3234 de
1070 3203 1099 3234 ce
1120 3185 1300 3251 paragrapho.

182 3250 238 3297 Ello
249 3267 279 3297 nc
290 3250 461 3313 contientpas
472 3267 523 3298 non
535 3267 552 3314 p
566 3266 595 3296 us
607 3250 645 3296 lcs
659 3252 763 3298 articles
778 3253 808 3298 32
821 3257 845 3298 et
859 3253 897 3298 33.
910 3252 930 3298 Α
943 3253 969 3299 la
980 3250 1064 3313 place,
1078 3266 1112 3296 ou
1124 3267 1141 3312 y
1153 3256 1245 3296 trouvc
1261 3248 1301 3294 les

184 3313 322 3361 suivants:

213 3377 252 3422 36.
270 3374 393 3424 Homines
430 3374 455 3421 ui
474 3379 578 3422 manent
591 3381 663 3422 extra
678 3376 802 3423 iorcstam
819 3393 870 3424 nou
885 3375 992 3423 veniunt
1008 3375 1127 3422 deccteru
1139 3389 1227 3420 coram
1240 3371 1302 3435 jus-

183 3437 293 3484 ticiariis
306 3391 446 3485 nostris‘ie
462 3438 558 3484 foresta
570 3452 618 3499 per
629 3453 780 3486 communes
794 3437 1017 3494 summonitiones,
1029 3437 1080 3484 nisi
1094 3437 1147 3484 sint
1160 3435 1187 3482 in
1200 3435 1302 3498 placito

182 3500 224 3546 val
239 3500 320 3608 plcffii
338 3499 448 3562 alicujus
465 3501 506 3546 vel
522 3498 670 3562 aliquorum
688 3501 732 3564 qui
749 3501 885 3549 attachiati
905 3507 965 3548 sunt
981 3515 1030 3564 pro
1048 3502 1145 3548 foresta
1159 3507 1257 3562 (comp.
1276 3498 1302 3544 la

183 3561 272 3609 cbartc
301 3561 493 3625 staturam).

215 3626 253 3671 37.
272 3625 368 3673 Omnes
388 3625 500 3672 barones
518 3622 562 3686 qui
581 3623 748 3672 fundaverint
764 3625 885 3673 abbatias
902 3626 970 3673 unde
986 3625 1084 3674 hubent
1102 3629 1189 3671 cartas
1205 3637 1303 3685 regum

184 3687 276 3749 Anglie
297 3688 339 3734 rel
360 3688 495 3750 antiquam
515 3693 644 3742 tenuram,
662 3687 776 3736 habeant
796 3704 886 3736 aarum
904 3688 1051 3736 custodiam
1067 3703 1127 3734 cum
1148 3685 1304 3733 vacaverint

184 3748 252 3796 sicut
263 3749 360 3797 habere
372 3749 480 3806 debant,
494 3754 520 3796 et
533 3747 599 3796 sicut
615 3765 695 3812 supra
708 3749 869 3799 declaratum
880 3757 920 3798 cst
933 3751 1028 3823 (comp.
1040 3751 1066 3799 la
1081 3749 1172 3797 charta
1183 3747 1216 3794 de
1230 3749 1302 3805 1215,

185 3820 211 3857 n⁰
223 3813 262 3858 45.
274 3813 322 3860 Les
336 3812 395 3875 cinq
405 3811 523 3859 darniers
536 3817 603 3858 muts
616 3812 647 3859 dc
660 3813 687 3858 la
699 3813 788 3860 charte
798 3814 829 3860 dc
840 3813 901 3861 1216
911 3820 971 3862 sont
981 3811 1100 3876 aJoutcs).

214 3875 253 3919 38.
271 3875 368 3922 Omnus
391 3876 486 3923 foreste
507 3889 557 3936 quc
581 3872 730 3922 ufforcstate
753 3882 813 3922 sunt
833 3883 950 3938 tempore
972 3877 1043 3940 regis
1064 3872 1193 3924 iohannis
1216 3871 1304 3935 putris

184 3935 267 3983 nostri
281 3936 371 3984 statim
385 3936 611 3992 deafl'orcstentur,
624 3941 649 3984 at
666 3939 703 3984 ita
719 3937 766 3985 fiat
781 3937 813 3985 dc
830 3939 938 4002 ripariis
951 3955 1000 4002 quc
1012 3955 1060 4003 per
1072 3936 1184 3987 eundem
1197 3933 1305 3982 Johan-

185 4013 243 4045 ncm
255 4005 308 4046 tom
329 4016 373 4047 arc
390 4017 436 4048 suo
451 3998 536 4062 posite
552 4004 612 4045 sunt
624 3999 651 4046 in
662 3999 769 4048 deicnso
780 3999 876 4065 (comp.
890 4002 916 4048 la
928 3999 1020 4048 charte
1032 4002 1064 4048 dc
1078 3999 1146 4051 1215,
1161 4007 1189 4044 u⁰
1202 3997 1255 4060 47).

216 4064 238 4108 5.
257 4061 296 4109 On
309 4016 343 4110 iit
354 4062 420 4110 dans
432 4061 565 4124 l'original
581 4060 612 4108 de
628 4062 727 4109 Lacock
743 4078 749 4109 :
764 4063 807 4109 det
822 4063 931 4126 amptius
944 4063 983 4110 oei
993 4064 1086 4112 vendat
1100 4059 1190 4108 alicui.

216 4125 240 4169 6.
258 4123 328 4171 Dans
342 4125 401 4171 1297
417 4141 422 4172 :
436 4123 561 4187 superius.

216 4188 239 4232 7.
257 4187 305 4234 Lcs
318 4187 423 4235 urticlcs
438 4190 476 4244 35,
493 4189 523 4233 36
537 4191 562 4234 et
574 4187 603 4234 37
616 4193 757 4249 mauqucnt
774 4187 839 4234 dans
856 4188 882 4234 la
897 4188 986 4236 charte
1004 4189 1035 4235 dc
1053 4189 1122 4236 1216.
1138 4186 1159 4232 Α
1174 4185 1202 4232 la
1218 4185 1305 4248 place,
