2796 4854
189 339 219 384 sa
447 335 596 384 casuras
614 325 850 388 rescisceres
867 339 1048 390 iuncosus

189 455 238 519 vel
258 477 320 543 pro
340 452 525 518 hereditate
550 477 624 532 sua,
646 477 744 544 quam
768 455 986 521 hereditatem
1010 457 1146 521 maritus
1166 480 1247 522 suus
1274 472 1309 522 et

188 558 260 646 ipsa
279 555 476 622 tenuerunt¹
499 555 554 621 die
573 555 684 620 obitus
700 555 805 646 ipsius
826 557 945 636 mariti,
964 569 997 622 et
1016 571 1144 623 maneat
1156 559 1190 623 in
1207 562 1307 648 capi-

187 658 243 724 tali
267 657 414 749 mesngio
438 659 543 747 ipsius
570 658 677 724 mariti
700 659 774 724 sui‘-'
796 685 856 749 per
882 660 1103 750 quadraginta
1128 660 1197 726 dies
1222 676 1306 750 post

185 763 311 828 obitum
332 760 436 852 ipsius
454 763 562 826 mariti
583 761 645 840 sui,
667 761 750 828 infra
768 764 874 852 quos3
893 762 1084 852 assignetur
1100 765 1129 828 ei
1148 763 1206 829 dos
1223 789 1302 844 sun,

185 871 250 930 uisi
262 870 359 954 prius
373 871 405 930 el
413 867 517 956 suerit
532 870 718 954 assignato,
733 865 784 929 ocl
796 868 863 929 nisi
874 867 989 930 domus
1005 866 1063 930 illo
1079 869 1120 931 uit
1135 881 1304 946 castrum

184 978 214 1028 ct
232 967 265 1028 si
278 965 317 1030 de
337 979 446 1028 castro
466 969 651 1042 recesserit,
670 968 780 1028 statim
793 965 1011 1053 provideatur
1029 967 1062 1027 ei
1078 967 1189 1030 domus
1207 990 1302 1029 com-

179 1079 293 1154 petens
318 1072 351 1130 iu
374 1091 441 1156 quo
459 1072 566 1154 possit
585 1065 716 1130 ltoucste
736 1070 877 1146 morari,
901 1091 1071 1158 quousque
1095 1069 1151 1132 dos
1178 1092 1239 1132 suo
1271 1073 1306 1132 ei

181 1172 371 1258 assignetur
389 1169 567 1232 secuudum
589 1169 677 1258 quod
694 1169 878 1258 predictum
899 1169 987 1252 esth
1007 1184 1037 1234 ct
1053 1171 1173 1235 lrabeat
1190 1173 1301 1234 rotro·

181 1270 291 1335 nobile
317 1274 508 1335 octonarium
540 1294 636 1336 auum
666 1277 795 1336 iuterim
823 1273 862 1336 dc
894 1278 1070 1336 communi.
1102 1272 1301 1361 designetur

181 1388 290 1437 ornem
315 1379 345 1437 ci
365 1397 427 1463 pro
453 1374 525 1437 dotc
549 1397 613 1438 sun
635 1380 738 1438 tercio
761 1399 844 1463 porc
867 1379 970 1438 tocius
995 1388 1082 1440 terre
1106 1377 1217 1438 uzoriti
1241 1381 1299 1438 sui

180 1500 242 1566 que
257 1499 321 1542 sua
331 1478 397 1567 suit
412 1479 443 1540 iu
459 1479 526 1541 oito
543 1499 623 1557 auo,
641 1479 708 1542 nisi
721 1477 761 1541 dc
780 1481 901 1542 minori
912 1477 1028 1542 dotato
1039 1479 1143 1568 suerit
1159 1478 1203 1540 ad
1220 1476 1298 1542 hos·

180 1585 260 1644 tium
276 1579 421 1644 ecclesie.

222 1721 277 1810 (8).
304 1722 402 1789 Nulla
428 1721 525 1788 vidua
554 1721 774 1814 distringatur
801 1721 841 1786 ad
872 1747 906 1787 se
935 1723 1183 1800 maritandam-³²,
1211 1721 1296 1787 dum

177 1825 285 1890 vivere
308 1825 450 1891 volucrit
478 1826 550 1891 sine
579 1825 712 1903 marito,
740 1823 785 1890 ita
817 1837 926 1890 tamen
959 1825 1049 1916 quod
1079 1825 1294 1890 securitatem

177 1927 275 1994 saciet
291 1927 381 2018 quod
397 1953 432 1993 se
451 1952 516 1993 non
532 1927 697 1993 maritabit
712 1927 783 1992 sine
799 1951 936 1992 assensu
952 1939 1079 2008 nostro,
1093 1927 1121 1992 si
1136 1928 1176 1993 dc
1192 1927 1294 1992 nobis

175 2031 332 2111 tenuerit,
350 2030 400 2095 vel
421 2029 492 2096 sine
513 2054 650 2096 assensu
669 2029 795 2095 domini
814 2029 878 2110 sui,
900 2029 987 2096 side
1006 2030 1070 2096 alio
1087 2029 1240 2096 tenuerit.

218 2173 309 2262 ssltl).
336 2177 404 2241 Nos
418 2198 495 2240 vcro
509 2173 559 2240 vel
575 2173 686 2238 ballivi
703 2174 809 2238 nostri
826 2197 892 2238 non
909 2172 1082 2239 scisiemns
1096 2187 1213 2239 terram
1229 2173 1291 2239 ali-

174 2301 272 2366 quam
304 2277 387 2342 nee6
419 2275 582 2342 redditum
613 2300 673 2364 pro
702 2274 817 2339 debito
846 2275 956 2364 aliquo
986 2275 1142 2365 quamdiu
1170 2275 1291 2340 catalla

173 2380 336 2446 debitoris
356 2385 533 2470 presencia
559 2375 746 2442 sufficiant⁷
774 2378 815 2443 ad
844 2377 992 2442 debiturn
1021 2376 1225 2442 reddendum
1259 2394 1291 2441 et

173 2487 241 2572 ipsc
262 2483 388 2547 debitor
401 2496 546 2572 paratus
571 2486 613 2544 sit
634 2483 708 2544 inclc
729 2482 946 2571 satisfacerc,·
968 2503 1028 2544 nec
1052 2478 1157 2570 plegii
1180 2479 1288 2566 ipsius

172 2583 333 2650 debitoris
353 2583 598 2676 distringantur
613 2581 769 2671 quamdiu
788 2582 859 2671 ipse
878 2581 1028 2670 capitalis
1045 2581 1176 2646 debitor
1193 2581 1288 2645 suffi-

171 2687 237 2751 ciat
265 2688 305 2752 nd
332 2686 555 2753 solutioncm⁸
580 2685 704 2765 debiti3
730 2697 774 2764 et,
805 2683 833 2748 si
861 2683 1012 2774 capitalis
1037 2683 1170 2748 debitor
1192 2683 1287 2747 defe-

170 2791 253 2855 cerit
280 2792 313 2856 in
348 2791 512 2856 solutione
545 2787 666 2865 debiti,
697 2812 764 2853 non
801 2787 927 2852 habens
959 2787 1048 2850 unde
1081 2785 1197 2851 reddat
1223 2801 1286 2849 aut

169 2894 305 2958 reddere
322 2894 401 2958 nolit
420 2917 492 2956 cum
506 2897 621 2980 possit,
640 2889 742 2980 plegii
759 2888 983 2977 respondeant
1001 2911 1062 2977 pro
1082 2887 1212 2964 debit03
1233 2901 1282 2968 et,

169 2997 195 3061 si
214 2997 390 3074 voluerint,
413 2996 557 3060 habeant
576 3007 681 3058 tcrras
701 3005 734 3056 ct
753 2991 904 3056 redditus
924 2990 1085 3055 debitoris
1107 3013 1283 3078 quousque

169 3101 213 3166 sit
232 3099 280 3165 eis
304 3099 506 3164 satisfactum
526 3097 567 3162 dc
593 3096 707 3160 debito
726 3093 815 3184 quod
835 3107 910 3158 ante
934 3117 994 3182 pro
1017 3116 1057 3156 eo
1077 3092 1280 3172 solverunt⁹‚

169 3203 233 3268 nisi
263 3200 413 3291 capitalis
444 3200 576 3265 debitor
603 3195 833 3262 monstraverit
861 3219 896 3260 sc
922 3194 1000 3259 inde
1028 3218 1103 3260 esse
1132 3195 1282 3283 quietum

166 3329 281 3372 versus
300 3303 434 3369 eosdem
451 3300 595 3392 plegios.

196 3517 220 3564 1.
239 3513 309 3563 Dans
322 3513 383 3562 1216
396 3519 422 3560 et
432 3511 492 3559 1217
504 3525 510 3558 :
523 3508 658 3557 tenuerint.

195 3581 218 3626 2.
237 3579 306 3627 Dans
319 3579 380 3625 1216
391 3591 396 3623 :
408 3575 434 3624 in
446 3575 522 3620 domo
534 3571 679 3628 maritimi,
689 3579 715 3620 et
725 3570 791 3620 dane
804 3571 863 3618 1217
876 3586 882 3618 ;
894 3569 919 3618 in
932 3567 1040 3632 capitali
1049 3569 1183 3634 mesuagio
1193 3570 1282 3619 mariti

164 3659 218 3753 wll.
236 3703 296 3752 1297
309 3701 395 3766 ajoutc
407 3717 413 3748 :
427 3700 490 3747 dies.
826 3757 830 3766 Ι

193 3771 217 3815 li.
235 3765 302 3814 L'cri
324 3765 377 3812 inal
388 3765 421 3812 de
436 3762 552 3810 Durham
564 3767 639 3824 porte
657 3774 663 3806 :
680 3757 745 3806 sicut
753 3757 896 3820 preductam
913 3761 959 3814 est,
975 3773 1009 3804 an
1023 3755 1078 3804 lien
1091 3755 1125 3804 de
1141 3758 1280 3806 secundum

162 3831 238 3896 quod.
255 3829 290 3875 La
304 3783 340 3876 dn
353 3828 389 3874 du
399 3825 577 3890 paragraphe,
591 3822 684 3885 depuis
696 3829 720 3867 et
733 3821 836 3878 tabeat,
848 3836 959 3884 manque
971 3819 1038 3867 dans
1051 3817 1123 3866 1216.

193 3898 217 3941 5.
233 3892 299 3952 1216(
310 3898 386 3955 porte
401 3886 589 3944 maritandum
605 3886 665 3933 1217
681 3883 813 3947 remplece
825 3883 851 3930 la
868 3883 969 3946 syllnbe
981 3881 1060 3930 finale
1071 3897 1124 3945 pur
1136 3899 1190 3931 une
1204 3884 1280 3932 abre-

162 3955 270 4004 riatinn.

191 4021 215 4066 6.
234 4019 294 4065 1297
308 4033 324 4064 n
334 4014 380 4062 vel.

192 4083 214 4129 7.
233 4081 329 4127 trinea
339 4079 399 4126 1217
412 4093 418 4126 :
432 4074 572 4139 sufficiunt.

190 4145 213 4190 8.
233 4144 292 4189 1227
305 4143 391 4214 ajoute
405 4158 410 4188 :
424 4140 513 4204 ipsius.

189 4209 212 4254 9.
231 4205 362 4259 Solverunt,
379 4204 446 4251 dans
459 4202 521 4249 1216
533 4207 557 4247 et
574 4199 640 4245 1217.
