2832 4868
213 386 254 433 [v.
274 412 301 423 -
319 372 476 434 PFITITION
494 385 557 434 DES
575 383 704 433 Baaous
722 383 742 431 Α
759 383 840 432 JEAN
858 383 938 432 SANS
957 384 1064 432 Tanau
1169 383 1199 432 ia

125 501 177 565 26.
203 503 255 567 Ne
278 502 404 588 aliquid
428 503 526 566 detur
548 523 608 589 pro
631 502 723 566 brevi
745 501 973 588 inquisitionis
994 501 1035 565 de
1058 502 1125 564 vita
1149 505 1201 572 vel

87 602 250 680 membriS,
273 603 330 667 sed
347 601 452 667 libere
471 603 673 668 concedatur
692 601 763 666 sine
783 601 893 690 pretio
912 614 944 665 et
958 625 1027 666 non
1046 614 1197 691 negetur.

124 741 176 806 27.
206 745 242 809 Si
261 743 380 831 aliquis
400 755 492 808 tenet
509 744 550 808 de
571 768 649 832 rege
670 769 730 832 per
751 745 840 808 leodi
861 743 1000 823 firmam,
1022 767 1083 832 per
1104 743 1201 808 soka-

84 843 186 932 gium‚
204 845 256 909 vel
279 869 339 933 per
358 847 569 936 burgagium,
590 857 622 909 et
645 846 685 909 de
704 845 767 909 alio
788 867 848 931 per
869 844 1041 909 servitium
1062 844 1196 926 militis,

85 949 232 1014 dominus
255 975 312 1016 rex
331 975 397 1015 nou
417 951 554 1016 habebit
572 951 756 1016 custodiam
775 951 916 1015 militum
939 951 980 1015 de
997 950 1094 1015 feodo
1115 951 1198 1015 alte-

86 1052 161 1129 rius,
183 1053 359 1116 occasione
378 1052 531 1141 burgagii
550 1052 602 1116 vel
622 1053 761 1142 sokngii,
782 1075 843 1116 nec
861 1052 961 1115 debet
978 1052 1105 1116 babere
1127 1076 1202 1116 cus-

85 1153 204 1217 todiam
229 1155 401 1244 burgagii‚
431 1155 576 1244 sokagii,
607 1155 658 1219 vel
686 1154 773 1218 leodi
801 1154 915 1233 firme3
943 1167 975 1218 et
1001 1155 1091 1242 quod
1117 1153 1202 1218 liber

86 1255 180 1320 homo
204 1277 272 1320 non
297 1258 424 1321 amittat
449 1257 599 1320 militiam
622 1279 714 1320 suam
736 1257 911 1320 occasione
932 1279 1106 1344 parvarum
1135 1281 1200 1320 scr-

87 1356 298 1444 gantisarum,
323 1357 418 1421 sicuti
442 1357 482 1420 de
505 1357 571 1420 illis
598 1359 655 1444 qui
678 1369 796 1421 tenent
817 1356 953 1444 aliquod
976 1369 1201 1422 tenementum

88 1458 256 1523 reddendo
277 1459 355 1522 inde
374 1458 527 1523 cuttellos
548 1459 598 1523 vel
617 1457 753 1548 sagittas
772 1460 823 1523 vel
841 1458 1044 1545 hujusmodi.

127 1599 179 1664 28.
206 1603 257 1667 Nc
282 1599 402 1688 aliquis
423 1599 562 1664 ballivus
586 1601 693 1687 possit
717 1624 841 1688 ponere
867 1598 1010 1688 aliquem
1030 1601 1072 1664 ad
1093 1601 1202 1692 legem

88 1706 225 1796 simplici
243 1706 376 1795 loquela
395 1731 452 1771 sua
471 1708 542 1770 sine
561 1706 704 1771 testibus
721 1707 888 1772 fidelibus.

128 1849 179 1914 29.
205 1852 255 1916 Ne
271 1874 391 1938 corpus
407 1849 505 1914 liberi
525 1849 668 1914 hominis
689 1851 850 1938 capiatur,
869 1873 931 1916 nec
949 1851 1200 1938 inprisonatus,

89 1975 145 2014 nec
168 1951 389 2031 dissaisietur,
421 1975 480 2016 nec
509 1952 691 2042 utlagetur,
720 1976 781 2017 nec
813 1953 976 2033 exuletur,
1005 1977 1066 2016 nec
1091 1951 1203 2041 aliquo

90 2053 182 2118 modo
203 2055 404 2133 destruatur,
426 2078 486 2118 nec
503 2078 561 2120 rex
582 2067 634 2118 eat
651 2055 703 2119 vel
724 2054 833 2118 mittat
855 2079 1047 2143 supereum
1068 2054 1116 2136 vi,
1138 2054 1204 2120 nisi

90 2177 145 2242 per
160 2155 318 2242 juditium
332 2156 461 2244 parium
480 2180 614 2220 suorum
633 2157 684 2219 vel
704 2181 764 2244 per
779 2157 888 2246 legem
903 2170 1006 2222 terre.

130 2295 181 2364 30.
207 2301 257 2365 Ne
272 2300 326 2385 jus
343 2299 506 2362 vendatur
522 2298 574 2362 vel
593 2297 783 2362 differretur
800 2298 868 2386 (sic)
881 2300 932 2363 vel
947 2298 1085 2364 vetitum
1103 2298 1157 2363 sit.

130 2437 180 2502 31.
209 2439 308 2521 Quod
335 2453 535 2504 mercatores
564 2440 709 2504 habeant
738 2440 861 2504 salvum
889 2441 936 2504 ire
965 2453 998 2504 et
1025 2441 1138 2504 venire
1163 2439 1205 2506 ad

90 2541 261 2604 emendum
281 2540 332 2604 vel
358 2543 587 2620 vendendum,
612 2543 683 2606 sine
708 2543 861 2606 omnibus
891 2542 984 2606 malis
1011 2542 1116 2624 toltis,
1144 2567 1205 2633 per

91 2643 237 2730 antiquas
258 2655 292 2706 et
312 2656 418 2707 rectas
440 2644 712 2709 consuetudines

130 2783 182 2848 32.
208 2787 258 2854 Ne
276 2785 460 2875 scutagium
475 2787 526 2851 vel
542 2786 698 2851 auxilium
714 2798 856 2875 ponatur
873 2785 907 2849 in
924 2809 1044 2875 regno,
1065 2785 1128 2850 nisi
1145 2800 1205 2873 pet

90 2909 259 2952 commune
275 2888 451 2952 consilium
465 2889 572 2978 regni,
587 2887 651 2952 nisi
667 2889 708 2952 ad
724 2913 843 2977 corpus
855 2889 943 2976 regis
960 2885 1202 2967 redimendum,

90 2999 121 3050 et
138 2988 397 3079 primogenitum
420 2989 524 3054 filium
548 3015 642 3055 suum
665 2990 804 3054 militem
826 2989 1028 3068 faciendum,
1053 3001 1085 3052 et
1104 2987 1204 3052 filiam

91 3114 178 3154 suam
193 3093 453 3180 primogenitam
470 3093 571 3156 semel
586 3091 823 3171 maritandam;
844 3092 932 3156 etad
951 3091 1014 3154 hoc
1031 3090 1087 3154 fiat
1106 3091 1205 3154 ratio-

91 3193 196 3256 nabile
214 3192 384 3256 auxilium.
409 3193 517 3258 Simili
539 3193 636 3257 modo
655 3192 713 3256 fiat
731 3193 772 3256 de
791 3192 946 3282 taillagiis
965 3204 998 3254 et
1015 3191 1145 3255 auxiliis
1164 3191 1206 3256 de

91 3293 217 3358 civitate
250 3292 401 3370 London.
436 3309 469 3359 et
498 3295 539 3358 de
562 3293 634 3358 aliis
662 3293 850 3358 civitatibus
876 3318 939 3383 que
972 3293 1051 3356 inde
1082 3293 1207 3358 habent

91 3393 272 3475 libertates,
302 3409 335 3459 et
360 3409 397 3459 ut
426 3397 540 3460 civitas
579 3395 728 3460 London.
767 3396 866 3483 plene
901 3395 1024 3458 habeat
1052 3396 1206 3481 antiquas

20 3551 34 3570 .,
90 3495 259 3561 libertates
287 3509 320 3560 et
347 3497 468 3562 liberas
500 3495 758 3562 consuetudines
786 3521 878 3579 suas,
908 3510 973 3560 tam
1001 3520 1060 3583 per
1085 3521 1205 3584 aquas,

93 3619 187 3684 quam
207 3623 269 3686 per
290 3611 409 3662 terras.

132 3738 185 3803 33.
212 3743 257 3808 Ut
283 3741 381 3804 liceat
396 3739 586 3827 ¹unicuique
611 3741 700 3804 exire
725 3740 765 3804 de
793 3763 896 3830 regno
918 3753 950 3804 et
974 3741 1097 3823 redire,
1121 3742 1208 3806 salva

92 3839 154 3904 fide
178 3841 306 3905 domini
334 3841 439 3932 regis,
466 3841 531 3904 nisi
555 3854 705 3929 tempore
729 3867 836 3908 werre
861 3867 922 3931 per
948 3843 1083 3932 aliquod
1109 3844 1208 3908 breve

92 3956 218 4034 tempus
235 3959 375 4035 propter
392 3969 598 4010 communem
617 3947 793 4012 utilitatem
811 3949 915 4038 regui.

133 4087 186 4152 34.
215 4089 253 4154 Si
280 4087 354 4175 quis
384 4101 496 4152 mutuo
522 4087 649 4174 aliquid
679 4090 845 4176 acceperit
873 4089 1032 4182 a'Judeis
1056 4090 1130 4178 plus
1157 4091 1209 4154 vel

95 4189 217 4272 minus,
240 4199 274 4254 et
293 4189 452 4254 moriatur
472 4200 649 4276 antequam
669 4188 818 4253 debitum
835 4189 918 4254 illud
938 4191 1094 4274 solvatur,
1114 4189 1211 4257 debi-
