2832 4868
199 363 229 414 n
455 361 606 413 enarres
624 361 685 412 nes
703 345 863 412 nrrnnrss
880 357 1061 412 irretiisse

198 481 399 546 habeantet
424 491 560 546 teneant
584 479 689 544 libere
716 491 749 544 et
771 477 900 568 quiete,
926 479 1011 543 bene
1035 490 1069 542 et
1094 477 1131 542 in
1160 503 1271 568 pane,
1302 495 1332 548 et

199 583 345 674 integre,
370 582 411 648 de
435 607 487 647 me
509 593 542 646 et
563 581 744 646 heredibus
766 581 859 660 meis,
884 579 948 644 sibi
971 592 1004 645 et
1024 579 1214 646 heredibus
1244 583 1331 662 suis,

198 686 281 750 adeo
307 683 428 762 libere,
456 696 490 748 et
512 685 641 772 quiete,
670 695 702 748 et
725 681 873 770 plenarie
898 681 932 745 in
957 681 1130 763 omnibus,
1151 684 1249 748 sieut
1275 709 1332 750 rex

200 786 361 852 Henricus
386 810 463 851 avus
491 810 583 850 meus
610 785 657 849 eis
681 783 791 863 dedit,
817 795 852 848 et
874 783 1056 860 concessit,
1085 795 1119 848 et
1143 797 1245 850 carta
1272 810 1330 850 sua

199 889 415 954 confirmavit.
452 891 551 954 Teste
580 886 724 953 Ricardn
757 885 799 950 de
828 885 927 950 Luci¹
963 884 1051 974 apud
1084 888 1333 955 Westmonns·

199 1004 328 1056 terrum.

230 1211 252 1272 1.
272 1211 384 1259 Riebnrd
400 1211 432 1258 de
448 1211 525 1274 bury,
544 1211 622 1274 npres
644 1210 717 1257 nvnir
737 1211 776 1256 ete
795 1225 830 1256 nn
848 1208 900 1256 bon
918 1208 1047 1256 serviteur
1066 1207 1099 1255 de
1116 1209 1201 1258 Henri
1225 1213 1249 1270 1,
1274 1212 1335 1276 puis

199 1273 342 1334 d'Etienne,
355 1289 435 1337 passe
448 1289 481 1321 nu
494 1273 593 1320 service
605 1273 637 1320 de
649 1271 774 1320 mathilde
787 1271 855 1318 etde
872 1271 950 1318 Henri
966 1271 997 1318 ΙΙ.
1014 1269 1077 1317 bers
1091 1270 1127 1318 du
1143 1273 1227 1322 breite
1238 1276 1337 1324 conclu

200 1342 272 1383 entre
285 1337 393 1384 Etienne
410 1342 435 1383 et
452 1335 539 1392 Henri,
553 1350 586 1382 on
603 1335 640 1382 lui
656 1334 740 1381 eonfin
755 1334 781 1380 ln
796 1332 877 1395 garde
894 1332 925 1379 de
942 1332 968 1379 la
984 1333 1054 1379 Tour
1069 1332 1101 1379 de
1116 1333 1243 1385 Londres
1259 1343 1288 1386 et
1303 1337 1337 1384 dn

199 1398 309 1445 ehdtenn
322 1398 353 1444 de
363 1398 533 1450 winchester.
544 1396 701 1444 &condition
712 1395 743 1444 de
756 1395 794 1442 les
807 1393 901 1442 rendre
916 1399 930 1440 n
943 1394 1023 1441 Henri
1037 1395 1225 1459 Plnntngenet,
1242 1399 1337 1464 quand

199 1459 307 1520 eeiui-ci
329 1461 409 1508 serait
426 1461 527 1507 devenu
553 1459 601 1507 roi.
627 1459 649 1506 11
672 1458 736 1506 etnit
753 1457 875 1520 justicier
898 1456 1077 1518 d'Angleterre
1102 1467 1187 1507 event
1211 1463 1242 1510 ln
1266 1468 1338 1510 mort

199 1522 341 1579 d'Etienne‚
358 1529 388 1631 et1
399 1538 498 1585 occupa
518 1523 541 1568 le
561 1525 643 1569 meme
658 1520 733 1568 office
746 1521 841 1584 uepres
861 1519 892 1566 de
911 1518 990 1566 Henri
1008 1519 1031 1566 11
1050 1519 1171 1582 pendant
1189 1525 1221 1572 25
1235 1541 1299 1572 ens.
1314 1525 1336 1570 Il

201 1591 305 1632 mourut
316 1601 348 1634 en
361 1586 372 1632 1
392 1586 431 1631 79.
