2832 4868
247 349 289 396 lV.
308 375 338 384 -·
355 335 515 397 Pu'tlrmu
532 350 594 396 Dus
612 348 739 397 Bauous
757 350 776 396 Α
792 349 872 398 Juau'
890 350 971 397 SANS
989 349 1096 398 Tanau
1203 353 1231 399 at

98 465 266 542 habeant,
281 464 409 529 scilicet
426 464 661 553 Engelardum,
678 465 856 542 Andream,
871 467 1017 544 Petrum,
1035 479 1067 529 et
1081 469 1231 554 Gyonem

98 563 140 628 de
162 567 353 644 CancelliS,
372 569 523 653 Gyonem
541 567 582 630 dc
604 569 753 654 Cygony‚
772 568 940 630 Matheum
958 566 1000 630 de
1021 570 1180 656 Martiny,
1199 582 1232 633 et

97 665 222 732 fratres
237 671 327 755 ejus3
342 681 375 733 et
387 667 571 733 Gall'ridum
591 681 747 755 nepotem
765 670 835 754 ejus
851 681 883 732 et
897 667 1090 757 Philippum
1102 671 1227 736 Mark¹.

141 809 201 874 41.
232 811 275 872 Et
294 820 331 872 ut
347 832 404 872 rex
421 821 569 872 amoveat
587 807 802 897 alienigenas,
822 808 955 887 milites,
978 808 1227 898 stipendiarios,

97 909 314 992 balistarios,
332 923 365 974 et
380 909 554 989 ruttarios,
571 922 603 973 et
619 911 799 974 servientes
819 911 875 997 qui
890 911 1028 976 veniunt
1042 935 1116 976 cum
1133 913 1228 1000 equis

98 1025 131 1077 ot
147 1011 254 1076 armis
272 1011 313 1074 ad
333 1025 567 1076 nocumentum
587 1012 694 1100 regni.

143 1152 201 1222 42.
231 1156 278 1219 Ut
292 1177 348 1216 rex
361 1153 459 1218 faciat
470 1154 686 1240 justiciarius,
705 1153 982 1232 constabularioS,
1002 1154 1227 1219 vicecomites,

97 1268 130 1320 et
153 1256 314 1336 ballivos,
340 1255 522 1321 dotalibus
545 1257 602 1343 qui
626 1255 732 1320 sciant
755 1256 862 1344 legem
880 1268 974 1342 'terre
996 1267 1029 1319 et
1049 1279 1120 1319 eam
1143 1257 1228 1321 bene

98 1357 205 1423 velint
225 1358 417 1422 observare.

141 1499 199 1568 43.
228 1503 276 1566 Ut
299 1501 441 1564 barones
464 1503 521 1588 qui
546 1500 765 1564 luadaverunt
793 1499 959 1578 abbatias,
987 1499 1075 1563 unde
1103 1500 1228 1564 habent

99 1613 208 1667 cartas
243 1626 361 1692 regum
392 1602 443 1666 vel
470 1605 639 1691 antiquam
671 1616 838 1678 tenuram,
870 1602 1016 1665 habeant
1043 1601 1227 1668 custodiam

101 1727 215 1768 earum
235 1727 312 1768 cum
332 1717 531 1768 vacaverint.

144 1844 200 1907 44.
231 1842 267 1909 Si
289 1869 346 1908 rex
365 1846 538 1913 Walenses
558 1845 754 1909 dissaisierit
769 1845 820 1909 vel
842 1845 1047 1934 elongaverit
1067 1845 1109 1908 de
1127 1843 1226 1908 terris

20 1989 21 1992 =
101 1948 152 2011 vel
172 1947 402 2026 libertatibus,
424 1948 475 2012 vel
495 1948 536 2011 de
556 1950 656 2011 rebus
676 1948 749 2010 aliis
770 1948 803 2010 in
822 1945 943 2035 Anglia
963 1946 1013 2010 vel
1033 1947 1066 2008 in
1085 1945 1223 2026 Wallia,

102 2049 149 2112 eis
168 2051 285 2113 statim
304 2048 374 2112 sine
394 2049 517 2137 placito
536 2049 736 2126 reddantur3
759 2061 790 2112 et
807 2050 834 2111 si
855 2047 978 2111 fuerint
998 2047 1157 2111 dissaisiti
1174 2047 1225 2111 vel

102 2148 252 2240 elongati
273 2149 314 2213 de
338 2148 538 2214 tenementis
564 2150 631 2214 suis
651 2149 770 2238 Anglie
791 2160 998 2237 perpetrem
1019 2148 1070 2212 vel
1091 2148 1225 2212 fratrem

101 2252 187 2340 regis
219 2252 294 2314 sine
319 2252 441 2338 juditio
470 2250 597 2339 parium
622 2276 773 2329 suorum,
803 2275 859 2314 rex
885 2252 933 2314 eis
962 2249 1033 2314 sine
1063 2249 1224 2314 dilatione

97 2352 269 2436 justiciam
287 2352 470 2430 exhibebit,
488 2377 527 2416 eo
545 2353 643 2416 modo
659 2378 724 2441 quo
744 2353 878 2416 exhibet
893 2352 1042 2440 Anglicis
1056 2351 1224 2437 justiciam

101 2452 140 2516 de
163 2455 367 2518 tenementis
394 2455 461 2518 suis
482 2454 602 2542 huglie
627 2455 810 2518 secundum
835 2455 945 2544 legem
968 2452 1107 2542 Anglie,
1130 2453 1223 2517 etde

102 2557 302 2619 tenementis
313 2555 433 2626 Wallie
448 2557 630 2620 secundum
646 2557 753 2646 legem
771 2557 904 2634 Wallic,
919 2569 951 2619 et
966 2556 1007 2619 de
1023 2555 1223 2619 tenementis

100 2658 249 2722 Marohie
273 2656 455 2722 secundum
477 2658 585 2746 legem
606 2660 773 2736 Marcliie3
794 2659 882 2722 idem
907 2658 1027 2721 sacient
1048 2657 1222 2725 Wulenses

102 2758 168 2847 regi
190 2770 224 2824 et
246 2758 330 2826 suis.

142 2899 197 2964 45.
224 2904 270 2966 Ut
286 2925 342 2964 rex
362 2901 481 2965 reddat
500 2900 603 2965 filium
621 2901 776 2967 Levvelini
795 2913 828 2964 et

100 3015 253 3087 preterea
275 3027 389 3066 omnes
412 3002 547 3066 obsides
568 3003 608 3066 do
632 3004 770 3081 Wallia,
795 3017 826 3066 ct
891 2984 954 3046 ”lsi
1006 2982 1102 3046 sslllffl'
1149 3007 1221 3046 0⁸⁵2

100 3116 203 3167 cartas
228 3127 294 3191 que
315 3105 344 3168 ei
366 3105 505 3168 liberate
526 3105 657 3168 luerunt
676 3107 709 3168 in
731 3129 824 3168 secu·
891 3084 1011 3147 debeat
1036 3108 1096 3172 Pel
1115 3097 1221 3148 callus

100 3204 228 3269 ritatem
249 3206 339 3292 pacis
345 3255 818 3275 ‚‚‚‚‚‚‚‚‚‚‚‚‚‚‚‚‚‚‚
891 3209 972 3273 quas
1012 3209 1073 3295 rex.
1102 3185 1218 3262 habet,

890 3309 949 3373 per
975 3287 1133 3372 juditium
1169 3309 1220 3348 ar-

890 3386 1219 3476 chicpiscopictalio-

889 3511 959 3550 rum
991 3511 1072 3574 quos
1107 3512 1219 3553 secum

888 3613 1005 3652 vocare
1019 3579 1171 3653 voluerit.

141 3345 194 3410 46.
222 3348 268 3412 Ut
289 3370 344 3410 rex
364 3347 464 3410 faciat
482 3349 552 3435 regi
574 3350 763 3412 Scottorum
784 3349 824 3411 dc

100 3445 274 3512 obsidibus
294 3447 489 3528 reddendis,
510 3462 542 3512 ct
561 3449 601 3512 de
617 3449 827 3514 libertatibus

101 3547 177 3627 suis,
207 3561 243 3613 et
269 3551 343 3635 jure
376 3574 452 3629 suc,
481 3549 662 3615 secu'ndum
688 3553 822 3615 sormam

101 3671 195 3734 quam
214 3650 294 3714 facit
315 3652 497 3717 baronibus
518 3652 640 3741 Anglie
653 3706 816 3724 ........
855 3664 862 3728 l

129 3922 150 3967 1.
169 3924 219 3972 Sur
235 3925 274 3973 les
292 3925 426 3972 differente
444 3943 623 3990 personnages
638 3930 701 3976 cito's
720 3930 786 3976 dans
800 3937 841 3978 cat
858 3931 962 3986 article,
979 3947 1058 3994 voyez
1072 3931 1110 3976 les
1124 3930 1218 3977 details

100 3983 184 4051 reunia
203 4003 253 4048 par
267 3989 299 4034 R.
319 3989 451 4035 Thomson
469 3988 535 4035 dans
551 4006 597 4036 son
614 3991 752 4040 Hlatorieal
769 4009 844 4055 crecy
861 4009 892 4039 on
908 3992 949 4039 the
967 3997 1064 4055 Magna
1077 3991 1174 4040 Charta
1193 3994 1221 4055 ⁰f

100 4044 164 4114 ng
174 4048 248 4104 John,
266 4066 291 4112 p.
311 4051 432 4106 243-245;
454 4051 519 4098 mais
535 4051 568 4097 ils
586 4069 617 4098 ne
636 4056 756 4100 sulfisent
770 4071 818 4116 pas
837 4071 903 4116 pom·
920 4056 1052 4118 esquisser
1067 4057 1149 4100 meme
1161 4055 1219 4100 leur

100 4101 261 4181 biographie,
272 4111 297 4158 ni
311 4119 414 4158 surtout
428 4129 494 4174 pour
505 4113 625 4176 indiquer
637 4116 694 4164 laur
706 4116 814 4176 origine.
825 4117 864 4164 On
875 4123 938 4179 peut
951 4117 1112 4180 conjecturor
1126 4130 1219 4176 cepen-

101 4165 168 4226 dant,
182 4187 204 4217 si
217 4173 268 4219 l'on
283 4175 430 4236 rapproche
443 4175 553 4222 l'urticlc
568 4177 598 4222 40
614 4177 648 4224 du
664 4177 780 4234 suivant,
794 4179 872 4240 qu'ils
887 4180 1008 4226 venaient
1021 4179 1055 4225 du
1068 4177 1133 4225 nord
1148 4177 1179 4225 dc
1191 4179 1218 4224 la
