2796 4854
241 336 285 396 ¹V.
302 375 333 384 -
350 348 481 402 GRANDE
499 347 628 399 cature
647 347 687 396 DE
705 347 784 396 tutu
803 347 883 397 SANS
899 347 1007 399 Tenue
1164 350 1194 404 at

61 466 156 553 quod
176 465 367 554 Anglicaue
388 463 529 528 ecclesia
546 463 651 528 libera
669 465 724 542 sit,
747 476 779 526 et
799 464 919 527 habeat
934 465 1009 549 jura
1029 487 1086 526 sus
1107 463 1193 528 inte-

61 593 135 656 gra,
160 580 197 632 et
212 567 386 632 libertates
403 591 477 630 suas
493 566 621 646 illesas;
641 572 732 630 etita
744 566 890 630 uolumus
904 567 1091 648 observori;
1107 568 1196 655 quod

61 684 212 758 apparet
234 694 276 732 ec
297 694 333 732 co
355 669 444 758 quod
466 669 649 734 libertatem
674 669 877 746 electionum,
904 691 965 756 que
990 671 1140 735 monimo
1164 682 1195 732 et

62 776 174 861 inagis
206 775 400 837 necessario
430 783 604 858 reputatur
632 770 778 836 Ecclesie
808 767 1007 856 Anglicune,
1041 794 1135 838 mero
1164 785 1194 837 et

61 888 258 961 spontanea
282 873 464 950 voluntate,
492 886 568 936 onte
591 872 788 936 discordiam
814 876 899 937 inter
919 895 978 937 nos
998 885 1028 934 et
1053 872 1193 936 barones

63 991 199 1042 nostros
215 989 352 1053 motum,
369 977 586 1042 concessimus
599 987 629 1036 et
646 987 743 1038 corto
762 973 1190 1058 nostrolconfirmuvirnus,

63 1091 92 1140 et
119 1102 197 1140 enm
223 1077 424 1138 obtinuimus
444 1099 465 1136 e
485 1075 614 1138 domino
630 1098 723 1162 popa
744 1075 932 1138 Innocentio
954 1078 1054 1136 tercio
1075 1075 1193 1159 confir-

65 1182 173 1258 mari;
200 1202 303 1266 qrtom
326 1191 356 1240 et
375 1201 433 1243 nos
453 1176 698 1241 observabimus
717 1190 747 1238 ct
766 1175 808 1240 ob
829 1175 1002 1238 heredibus
1022 1181 1143 1238 nostris
1161 1181 1194 1242 in

62 1293 266 1367 perpetuum
286 1281 371 1342 bono
385 1279 451 1363 fide
470 1278 618 1342 volumus
635 1279 813 1341 obseruari.
837 1275 1071 1343 Concessimus
1090 1277 1193 1342 eciam

66 1381 229 1446 omnibus
250 1380 365 1444 liberis
386 1378 577 1442 hominibus
595 1379 690 1467 regni
711 1379 828 1458 nostri,
850 1403 911 1466 pro
929 1378 1026 1441 nobis
1044 1391 1078 1440 et
1096 1379 1195 1443 here-

66 1483 167 1546 dibus
194 1483 323 1546 nostris
346 1482 608 1570 inperpetuum,
639 1505 754 1544 omues
776 1481 948 1545 libertates
974 1481 1192 1566 subscriptas,

67 1585 246 1648 habendas
273 1596 304 1646 et
331 1583 492 1647 tenendas
515 1581 562 1646 eis
592 1594 624 1645 et
652 1582 834 1646 heredibus
859 1583 944 1660 saie,
974 1581 1015 1644 de
1040 1581 1138 1644 nobis
1163 1593 1195 1644 et

67 1687 257 1750 heredibus
280 1687 416 1750 nostris.

112 1842 143 1906 2.
174 1841 212 1908 Si
231 1841 306 1930 quis
325 1842 482 1906 comitum
498 1840 549 1905 vel
565 1842 726 1904 baronum
744 1850 946 1918 nostrorum,
968 1841 1034 1904 sive
1055 1839 1195 1902 aliorum

69 1943 265 2009 teuenoium
286 1944 327 2007 de
348 1942 443 2006 nobis
464 1944 498 2006 in
519 1943 626 2030 capite
649 1966 709 2028 per
731 1941 905 2006 servicium
930 1940 1084 2020 militare,
1108 1965 1194 2006 mor·

70 2057 144 2108 tuus
160 2045 278 2122 fuerit,
299 2057 332 2107 et
351 2069 425 2107 cum
443 2043 625 2108 decesserit
643 2045 741 2108 heres
761 2067 839 2108 suus
855 2042 954 2131 plene
975 2044 1072 2107 etatis
1093 2043 1194 2106 fuerit

72 2158 103 2208 et
121 2147 284 2210 relevium
302 2146 433 2224 debeat,
458 2146 578 2208 habeat
598 2143 817 2208 hereditatem
836 2168 927 2207 suam
945 2168 1006 2231 per
1022 2142 1194 2230 antiquum

72 2247 255 2325 relevium;
288 2246 415 2310 seilicet
443 2247 538 2309 heres
565 2245 616 2309 vel
647 2245 786 2308 heredes
819 2243 949 2308 couritis
981 2244 1021 2308 dc
1056 2245 1196 2308 baronia

74 2349 204 2412 comitis
223 2351 353 2436 integra
369 2373 429 2436 per
442 2360 573 2412 centum
590 2347 712 2430 libras;
728 2348 825 2410 heres
841 2345 892 2408 vel
906 2345 1047 2409 heredes
1061 2343 1195 2408 baronis

74 2449 113 2513 de
128 2449 271 2515 baronia
285 2449 414 2539 integra
427 2475 487 2538 per
503 2462 635 2514 centum
651 2447 753 2511 libras
769 2449 836 2534 (sic)
852 2474 859 2526 3
877 2447 974 2511 heres
989 2446 1039 2510 vel
1054 2447 1196 2511 heredes

75 2550 189 2615 militis
210 2553 254 2616 de
275 2551 371 2615 feodo
386 2551 500 2616 militis
519 2554 650 2640 integro
667 2574 727 2638 per
742 2563 875 2614 centum
894 2548 1017 2613 solidos
1039 2548 1079 2611 ad
1099 2548 1194 2635 plus;

75 2655 181 2740 etqui
204 2653 316 2716 minus
335 2653 489 2716 debuerit
511 2653 619 2716 minus
642 2651 698 2715 det
723 2651 905 2716 secundum
929 2649 1097 2737 antiquam
1117 2673 1197 2713 con-

77 2756 290 2820 suetudinem
310 2757 493 2820 feodorum.

118 2909 150 2976 3.
178 2914 215 2978 Si
240 2924 347 3002 autem
373 2913 470 2974 heres
493 2911 630 2996 alicujus
651 2910 765 2974 talium
788 2910 888 2974 fuerit
908 2911 993 2973 inira
1016 2921 1136 2974 etatem
1162 2921 1195 2972 et

77 3011 173 3076 luerit
193 3013 229 3078 in
255 3014 416 3091 custodia,
441 3012 575 3076 eumad
598 3026 718 3076 etatem
740 3013 940 3100 pervenerit,
961 3013 1081 3076 habeat
1099 3012 1198 3076 here-

79 3111 213 3179 ditatem
235 3138 326 3179 suam
343 3116 414 3179 siue
435 3114 556 3177 relevio
575 3126 607 3177 et
628 3115 698 3177 sinc
720 3113 797 3176 fine.

119 3267 152 3332 4.
179 3271 303 3334 Custos
340 3281 428 3332 terre
463 3267 655 3354 hujusmodi
691 3269 825 3333 heredis
861 3267 917 3355 qui
953 3268 1039 3335 iufra
1076 3279 1197 3332 etatem

81 3366 186 3451 fuerit,
210 3395 280 3435 non
300 3371 409 3458 capiat
425 3371 467 3435 de
487 3383 574 3435 terra
593 3370 727 3436 heredis
746 3371 810 3434 nisi
831 3369 1049 3434 racionabiles
1072 3366 1194 3448 exitus,

82 3480 113 3532 et
137 3472 359 3538 racionabiles
387 3472 665 3552 consuetudines,
688 3485 720 3535 et
747 3471 960 3538 racionabilis
988 3470 1142 3548 servicia,
1165 3482 1198 3535 et

80 3569 141 3633 hoo
156 3575 229 3638 sine
246 3575 473 3638 destructione
490 3587 522 3637 et
537 3587 628 3637 vasto
643 3572 816 3637 homiuum
831 3573 882 3636 vel
900 3597 1029 3651 rerum3
1049 3583 1082 3636 et
1096 3573 1123 3637 si
1136 3595 1197 3635 nos

82 3676 342 3740 commiserimus
363 3676 547 3740 custodiam
572 3676 711 3764 alicujus
736 3675 811 3739 talis
831 3688 919 3738 terre
939 3673 1125 3739 vicecomiti
1147 3674 1198 3737 vel

83 3771 176 3840 alicui
195 3778 252 3842 alii
269 3778 381 3866 quide
398 3777 540 3842 exitibus
558 3779 647 3844 illius
666 3777 763 3842 nobis
784 3777 987 3865 respondere
1009 3777 1144 3853 debeat,
1166 3789 1198 3839 et

111 3995 124 4040 l
152 3998 222 4047 Getta
241 4000 343 4056 charte,
362 4016 411 4062 que
428 3999 526 4046 stubbs
544 4016 559 4046 e
575 4002 693 4063 publice,
710 4015 736 4062 p.
753 4000 806 4055 288,
823 3997 925 4060 d'aprbs
941 3998 979 4044 les
991 4001 1102 4045 Statutes
1116 3999 1144 4059 os
1156 3996 1199 4043 tbe

85 4056 167 4117 natm,
181 4061 306 4110 Cherters
321 4064 349 4110 ol
360 4062 486 4119 liberties,
500 4078 526 4124 p.
540 4067 563 4120 5,
580 4071 619 4112 est
631 4063 705 4110 datae
720 4061 755 4107 du
767 4061 795 4106 21
807 4076 866 4111 nov.
883 4060 957 4117 1214;
972 4060 998 4106 la
1016 4059 1198 4107 confirmation

85 4116 328 4234 ἓέξέἑοθιξιοῐᾶὲὲξει
341 4125 375 4172 du
387 4127 417 4172 30
431 4125 677 4189 mars1215.Voyez
690 4123 817 4180 Posthac,
835 4122 1100 4187 Regestapontifieum
1109 4135 1196 4168 ronta-
