2796 4854
254 355 298 402 lx.
316 381 345 391 -
362 353 532 402 SENTENCE
550 351 899 402 D'EXCOMMUNICATION
918 352 998 418 (1253)
1154 357 1186 402 73

68 495 162 559 quarn
180 483 306 536 statuta
325 470 493 535 ediderint
507 471 557 534 vel
579 469 668 536 edita
687 470 907 549 servaverint,
925 470 1185 536 consuetudines

69 573 316 639 introduxerint
334 573 385 637 vel
406 573 607 638 servaverint
632 572 856 652 introductas,
877 573 1057 662 scriptores
1079 586 1185 638 statu-

68 688 174 740 torum
200 699 334 740 necnon
357 673 564 741 consiliarios
588 687 621 739 et
644 688 838 740 executores
859 677 916 763 qui
941 675 1121 740 secundum
1147 701 1186 740 ea

68 779 335 867 presumpserint
367 777 529 864 judicare.
565 778 629 860 Qui
669 801 784 842 omnes
815 790 848 841 et
878 777 1002 868 singuli
1032 776 1185 866 superius

69 882 240 945 memorati
254 881 340 945 banc
357 879 559 945 sentenciam
574 880 766 944 incursuros
781 904 816 944 se
830 881 982 944 noverint
995 879 1070 969 ipso
1083 881 1180 962 lacto,

69 983 121 1072 qui
147 983 296 1048 scienter
325 982 451 1071 aliquid
481 981 709 1046 commiserint
736 981 776 1046 de
806 980 979 1070 predictis.
1015 982 1080 1066 Qui
1105 1007 1184 1048 vero

68 1086 280 1175 ignoranter,
303 1083 367 1149 nisi
386 1083 544 1148 comoniti
562 1083 647 1148 inira
665 1085 868 1173 quindenam
885 1109 903 1149 a
922 1097 1071 1174 tempore
1092 1109 1184 1150 com-

69 1187 268 1253 monicionis
298 1211 333 1252 se
359 1187 563 1252 correxerint
588 1200 620 1251 et
649 1185 788 1251 arbitrio
813 1186 1057 1251 ordinariorum
1084 1186 1185 1275 plene

70 1288 291 1356 satisfecerint
311 1290 352 1354 de
373 1289 570 1368 commissis,
591 1302 710 1354 extunc
731 1289 798 1353 sint
820 1290 882 1353 hac
901 1291 1069 1354 sentencia
1091 1288 1185 1355 invo-

69 1393 138 1456 luti.
166 1393 294 1458 Eadem
322 1391 425 1456 eciam
454 1391 624 1456 sentencia
649 1392 847 1457 innodamus
876 1415 990 1456 omnes
1020 1392 1094 1456 illos
1128 1393 1187 1481 qui

69 1518 179 1583 pacem
206 1491 310 1583 Regis
334 1507 366 1557 et
389 1492 484 1582 regni
506 1493 773 1581 presumpserint
797 1494 1004 1580 perturbare.
1030 1496 1067 1557 ln
1092 1495 1187 1581 cujus

71 1598 114 1660 rei
140 1597 335 1661 memoriam
361 1595 595 1684 sempiternam
623 1619 683 1659 nos
714 1597 808 1684 signa
836 1608 949 1660 nostra
974 1595 1187 1684 presentibus

71 1699 224 1765 duximus
241 1698 453 1787 apponenda.

111 1908 272 1974 Noverint
301 1906 444 1972 universi
471 1907 560 1994 quod
591 1907 745 1971 dominus
776 1908 937 1972 Henricus
968 1910 1039 1972 Rex
1065 1906 1188 1998 Anglie

71 2011 224 2089 illustris,
248 2013 399 2099 Rogerus
424 2033 534 2074 comes
558 2008 740 2076 Norffolcie
761 2021 794 2073 et
812 2009 1024 2074 marescallus
1045 2009 1185 2102 Anglie,

73 2118 252 2182 Hunfridus
272 2140 383 2181 comcs
402 2115 595 2180 Herelordie
613 2128 646 2181 et
666 2116 812 2192 Essexie,
833 2117 999 2182 lohannes
1018 2141 1128 2180 comes
1144 2116 1188 2182 de

73 2221 280 2297 Warrewic.,
295 2220 413 2283 Petrus
429 2219 470 2283 de
489 2219 665 2298 Sabaudia,
683 2220 850 2307 ceterique
867 2232 1036 2308 magnates
1051 2219 1185 2308 Anglie,

74 2333 313 2387 consenserunt
331 2322 364 2384 in
386 2321 589 2385 sentenciam
611 2321 966 2386 excommunicacionis
986 2321 1188 2412 generaliter

74 2424 167 2490 latam
185 2424 275 2515 apud
297 2425 630 2494 Westmonasterium
651 2425 754 2488 tercio
769 2423 898 2489 decimo
913 2425 968 2489 die
989 2425 1079 2505 maii,
1100 2449 1188 2490 anno

76 2530 164 2617 regni
181 2527 285 2617 Regis
299 2525 441 2614 predicti
457 2528 579 2612 xxxvij⁰
594 2527 626 2590 in
644 2528 705 2590 hac
722 2527 842 2605 sorma,
862 2526 989 2592 scilieet
1009 2527 1098 2616 quod
1114 2527 1188 2592 vin-

76 2630 145 2695 culo
179 2633 309 2720 prelato
341 2630 510 2693 sentencie
543 2629 689 2718 ligentur
720 2653 834 2693 omnes
869 2628 1040 2694 venientes
1072 2643 1187 2696 contra

76 2731 241 2797 libertates
263 2743 437 2796 contentas
453 2731 486 2794 in
507 2731 605 2794 cartis
623 2733 845 2795 communium
863 2732 1052 2796 libertatum
1067 2732 1188 2822 Anglie

76 2836 165 2899 etde
194 2836 330 2911 foresta,
361 2846 394 2897 et
421 2857 535 2897 omnes
565 2833 621 2926 qui
646 2833 815 2899 libertates
841 2834 990 2898 Ecclesie
1015 2835 1188 2925 anglicane

76 2937 277 3025 temporibus
301 2937 427 3000 domini
447 2935 548 3026 Regis
567 2949 599 3000 et
618 2936 892 3024 predecessorum
914 2961 1046 3000 suorum
1072 2961 1188 3026 regum

76 3039 189 3129 Anglie
207 3050 362 3128 optentas
383 3050 416 3102 et
435 3037 572 3102 usitatas
593 3037 737 3102 scienter
756 3050 788 3101 et
812 3038 978 3102 maliciose
993 3038 1189 3104 violaverint

77 3154 127 3205 aut
161 3142 344 3231 infringere
377 3140 658 3229 presumpserint,
690 3152 723 3203 et
755 3164 869 3203 omnes
898 3139 946 3204 illi
982 3141 1039 3229 qui
1072 3165 1187 3229 pacem

77 3243 197 3308 domiui
223 3244 327 3332 Regis
355 3256 388 3308 et
410 3242 504 3332 regni
529 3241 808 3330 perturbaverint,
834 3256 867 3307 et
896 3241 1048 3306 similiter
1071 3267 1187 3308 omnes

77 3345 130 3431 qui
147 3349 220 3434 jura
243 3358 277 3408 et
299 3343 470 3408 libertates
490 3345 591 3433 Regis
611 3357 643 3407 et
662 3343 757 3434 regni
780 3345 981 3423 diminuere,
1005 3345 1188 3432 infringere

78 3471 130 3511 seu
151 3449 314 3514 inmutare
334 3446 613 3535 presumpserint,
634 3460 667 3510 et
684 3447 773 3536 quod
789 3472 904 3512 omnes
921 3447 1090 3527 venientes
1107 3470 1187 3510 con-

77 3561 123 3614 tra
153 3552 319 3640 premissa
354 3550 405 3613 vel
446 3572 559 3613 eorum
593 3549 704 3637 aliqua
741 3549 931 3639 ignoranter
971 3563 1003 3613 et
1038 3547 1189 3639 legitime

80 3653 208 3732 moniti,
234 3652 319 3717 inlra
339 3652 541 3740 quindenam
566 3664 642 3741 post
663 3651 882 3722 monicionem
902 3653 1097 3739 premissam
1118 3651 1189 3716 dic·

79 3765 139 3818 tam
168 3753 468 3845 transgressionem
498 3779 563 3819 non
597 3754 860 3833 emendaverint,
890 3766 1010 3819 extunc
1039 3753 1189 3842 predicte

80 3858 237 3922 sententie
263 3856 618 3923 excommunicacionis
644 3857 879 3943 subjacebunt,
901 3855 947 3920 ita
965 3870 1076 3921 tamen
1099 3857 1189 3944 quod

80 3960 227 4026 dominus
252 3963 323 4026 Rex
353 3961 651 4050 transgressionem
679 3958 768 4023 illam
796 3983 856 4048 per
882 3958 1189 4024 consideracionem

80 4065 163 4128 curie
195 4089 252 4130 sue
283 4065 382 4128 faciat
409 4063 589 4128 emendari.
622 4063 801 4128 Sciendum
830 4075 937 4126 autem
967 4063 1069 4150 quod,
1096 4060 1122 4124 si
1154 4063 1189 4126 in

81 4167 205 4256 scriptis
236 4193 335 4258 super
364 4168 478 4233 eadem
510 4167 672 4232 sententia
701 4189 716 4228 a
745 4167 1000 4255 quibuscunque
1029 4163 1189 4232 conlectis
