2796 4854
219 375 249 420 34
472 375 622 424 CHARTES
639 375 701 422 DBS
719 363 880 424 titienses
899 375 1083 424 ANGLAlSES

219 489 508 580 Wallingeiordie,
518 490 754 580 Notiugeham‚
768 489 919 571 Bolonie,
930 493 1136 571 Leucastrie,
1146 493 1200 557 vel
1211 494 1251 557 de
1264 493 1321 556 aliis

219 593 362 656 eskaetis
377 616 441 680 que
459 605 536 658 sunt
554 593 587 658 in
604 616 701 658 manu
717 604 830 658 nostra
844 605 879 658 et
895 605 973 656 sunt
987 593 1138 672 baronis,
1155 608 1191 660 et
1206 595 1320 670 obierit,

220 696 319 759 heres
344 697 415 781 ejus
440 719 507 759 uon
532 695 589 760 det
612 695 702 760 aliud
727 695 903 774 relevium,
928 719 989 760 nec
1010 695 1110 760 iaciat
1129 697 1230 760 nobis
1250 694 1322 760 aliud

220 796 395 862 servicium
413 821 510 886 quam
532 798 655 863 iaceret
673 798 790 864 baroni
810 797 837 861 si
856 796 992 862 baronia
1012 797 1067 862 illa
1085 811 1179 864 esset
1193 799 1226 862 in
1243 821 1322 860 manu

219 901 375 980 baronis3
398 913 431 964 et
452 925 513 966 nos
532 900 649 966 eodem
669 899 766 965 modo
784 923 855 964 eam
875 900 1063 964 tenebimus
1083 924 1152 990 quo
1172 901 1251 963 baro
1267 921 1322 961 ean

219 1015 339 1066 tenuit.

263 1143 318 1210 44.
344 1145 501 1210 Homines
522 1149 579 1234 qui
600 1159 734 1210 manent
755 1158 853 1208 extra
869 1144 1030 1234 forestam
1047 1167 1112 1206 non
1136 1146 1268 1208 veniant
1283 1142 1323 1205 de·

219 1261 325 1312 cetero
349 1272 462 1312 coram
484 1249 688 1336 justiciariis
715 1250 837 1312 nostris
860 1247 899 1310 de
918 1247 1047 1336 saresta
1066 1271 1129 1336 per
1153 1268 1324 1311 communes

219 1353 502 1430 summaniciones,
526 1351 593 1412 nisi
612 1352 678 1412 sint
701 1353 734 1412 in
756 1347 896 1437 placito,
923 1347 974 1412 oei
994 1347 1097 1438 plegii
1122 1349 1267 1436 alicujus
1287 1343 1326 1408 rei

220 1451 421 1541 aliquorum,
443 1456 499 1540 qui
515 1450 695 1514 attaediati
705 1453 771 1514 sint
782 1475 847 1538 pro
859 1451 1000 1540 foresta.

263 1593 319 1658 45.
345 1593 415 1662 Nos
437 1617 502 1658 non
522 1594 686 1683 sociemus
697 1595 925 1682 justiciarios,
950 1593 1235 1672 constabularios,
1257 1595 1325 1654 vice·

220 1699 364 1776 comites,
380 1695 432 1760 oei
444 1695 593 1776 ballivos,
613 1699 680 1760 nisi
692 1697 731 1760 de
747 1695 869 1760 talibus
886 1697 946 1784 qui
956 1697 1063 1758 sciant
1081 1695 1184 1784 legem
1205 1696 1291 1784 regni
1303 1703 1326 1752 et

220 1824 293 1864 eam
315 1800 393 1863 bene
411 1799 509 1864 velint
526 1800 711 1863 observare.

265 1941 320 2006 46.
347 1944 473 2007 Omnes
484 1943 625 2006 barones
636 1941 692 2030 qui
705 1940 925 2004 fundaverunt
937 1938 1102 2018 abbacias,
1117 1939 1208 2004 unde
1220 1937 1325 2002 habent

220 2058 327 2110 cartas
344 2067 461 2134 regum
480 2042 618 2134 Anglie,
637 2042 688 2106 vel
702 2042 870 2130 antiquam
882 2055 1048 2120 tenuram,
1069 2043 1218 2106 habeant
1230 2060 1325 2104 earum

221 2146 405 2212 custodiam
423 2171 498 2211 cum
516 2143 714 2223 vacaverint,
734 2145 820 2208 sicut
838 2146 960 2210 habere
980 2143 1115 2209 debent.

265 2289 320 2354 47.
348 2289 468 2355 Omnes
487 2291 611 2378 ferreste
636 2311 698 2377 que
722 2289 910 2375 afforestatc
935 2301 1013 2350 sient
1036 2301 1182 2375 tempore
1210 2297 1323 2358 nostro,

220 2399 330 2458 statim
359 2393 653 2480 deaffirrestentur,·
678 2403 709 2453 et
734 2394 782 2453 ita
804 2389 867 2475 fiat
890 2391 928 2454 de
954 2394 1090 2477 ripariis
1111 2413 1177 2478 que
1192 2412 1256 2476 per
1278 2406 1325 2447 nos

221 2511 364 2584 tempore
379 2508 490 2559 nostro
504 2497 612 2581 posite
628 2505 705 2557 sunt
725 2497 757 2556 in
777 2492 921 2582 defenso.
997 2491 1000 2497 ’

196 2637 198 2642 ’
265 2635 320 2703 48.
348 2637 468 2702 Omnes
485 2635 571 2700 ntaie
590 2633 839 2699 consuetudines
858 2635 896 2698 de
911 2635 1044 2723 forestis
1059 2646 1089 2696 et
1108 2635 1284 2708 warennis,
1303 2638 1326 2688 et

221 2741 260 2804 de
276 2741 466 2827 forestariis
483 2753 513 2803 et
529 2739 762 2815 warennnriis,
786 2735 1023 2800 vicecomitibus
1043 2748 1074 2798 et
1093 2757 1207 2797 earum
1228 2732 1324 2794 minis-

221 2847 294 2921 tris,
314 2846 449 2932 ripariis
462 2857 492 2906 et
506 2866 620 2906 earum
637 2838 841 2916 custodibus,
858 2843 969 2902 statim
984 2839 1200 2926 inquirantur
1214 2840 1246 2898 in
1263 2853 1325 2922 quo·

222 2944 298 3010 libet
314 2949 469 3009 comitatu
484 2969 548 3032 per
566 2944 736 3008 duodecim
759 2941 876 3004 milites
889 2943 1026 3028 juratos
1048 2941 1087 3003 de
1110 2940 1222 3002 eodem
1241 2936 1325 2999 corni-

222 3065 304 3132 tatu,
322 3056 381 3140 qui
393 3051 509 3114 debent
523 3051 602 3138 eligi
611 3073 673 3138 per
687 3047 808 3136 probos
823 3047 969 3110 homines
984 3046 1130 3133 ejusdem
1145 3048 1323 3113 comitatus,

221 3169 252 3217 et
264 3155 355 3243 infra
369 3155 594 3245 quadraginta
607 3153 676 3214 dies
686 3164 762 3235 post
778 3152 1023 3238 inquisicionem
1034 3149 1179 3237 factam,
1196 3149 1323 3235 penitus,

221 3260 269 3320 ita
292 3255 381 3346 quod
402 3279 582 3343 numquam
607 3266 810 3332 revocentur,
837 3251 1011 3314 deleantur
1031 3255 1107 3338 [per
1125 3249 1268 3323 eosdem,
1288 3247 1325 3305 ita

221 3359 310 3448 quod
335 3353 395 3420 itas
418 3357 477 3420 itae
498 3359 643 3420 sciamus
663 3356 775 3444 priusJ,
804 3353 854 3418 cel
871 3357 1085 3441 justiciarius
1106 3366 1229 3431 noster,
1254 3351 1280 3412 si
1300 3349 1325 3406 in

220 3460 343 3550 Augila
363 3483 428 3522 non
443 3457 650 3549 fuerimus¹].

265 3600 320 3665 49.
348 3600 469 3665 Onmes
486 3600 612 3663 obsides
628 3613 658 3661 et
675 3612 787 3662 cartas
802 3604 912 3662 statim
931 3597 1103 3662 reddemus
1120 3621 1183 3686 que
1204 3597 1325 3661 liberate

218 3705 355 3793 [uertant
380 3703 472 3766 nobis
496 3703 538 3764 ab
562 3701 709 3789 Anglicis
740 3705 773 3763 in
802 3704 1010 3765 securitatem
1030 3702 1126 3790 pacis
1157 3699 1210 3764 oei
1231 3693 1324 3784 fidelis

221 3830 362 3870 servum.

267 3947 320 4011 50.
347 3949 415 4014 Nos
438 3947 658 4010 antocebimus
672 3950 806 4032 penitus
827 3947 866 4010 de
890 3945 1000 4009 bailiis
1014 3958 1175 4033 parentes
1197 3935 1324 4008 Gerardt'

1254 4081 1321 4099 ..a-¹

252 4169 274 4214 1,
293 4169 362 4214 Dans
375 4168 399 4213 le
415 4166 550 4214 iac-simili
563 4167 598 4214 du
610 4167 653 4214 Br.
669 4167 735 4214 Mus.
750 4167 788 4212 les
802 4172 869 4212 mots
883 4171 955 4212 entre
968 4165 1096 4222 crochets,
1110 4163 1144 4211 ici
1155 4171 1181 4212 et
1193 4169 1208 4211 a
1220 4163 1282 4210 l’art.
1292 4157 1322 4210 53,

222 4237 279 4276 sont
294 4229 387 4292 rcjctes
402 4245 462 4276 sous
475 4231 555 4276 forme
569 4229 600 4276 de
614 4230 703 4276 renvoi
717 4245 749 4276 su
764 4228 811 4274 bus
825 4228 856 4275 de
866 4229 950 4277 l'acte.
