2854 4866
265 359 296 407 V.
313 385 344 396 -
361 355 491 408 GRANDE
510 355 639 405 culnvn
657 355 698 403 DE
716 353 795 403 JEAN
814 355 895 403 SANS
913 355 1019 404 TERRE
1172 355 1201 402 st

126 477 180 540 21.
208 476 354 540 Comites
377 487 410 539 et
431 476 572 539 barones
597 498 663 538 non
691 474 912 537 amercientur
935 471 1000 536 nisi
1023 495 1084 560 per
1104 463 1214 560 pares¹

23 633 24 638 ,
88 601 171 659 suos,
195 591 229 642 et
246 601 312 641 non
333 576 398 643 uisi
419 577 602 641 secundum
621 576 755 640 modum
773 574 897 639 delicti.

126 719 180 782 22.
207 717 326 785 Nullus
351 716 491 780 clericus
516 713 713 780 amercietur
736 716 777 779 dc
800 715 885 779 laico
907 723 1098 778 tenemento
1122 739 1200 794 suc,

87 821 147 885 nisi
166 820 350 885 secundum
368 819 502 882 modum
520 819 659 883 aliorum
681 818 925 906 predictorum,
949 830 981 882 et
999 842 1066 883 non
1084 842 1203 883 secuu-

88 923 160 986 dum
181 923 401 1012 quantitatem
420 919 574 984 beneficii
591 922 642 984 sui
657 919 888 985 ecclesiastici.

128 1065 180 1130 23.
207 1065 278 1130 Nec
306 1061 384 1127 villa
416 1087 476 1126 nec
499 1062 600 1126 homo
631 1063 852 1152 distringatur
881 1062 987 1126 lacere
1017 1075 1135 1150 pontes
1160 1059 1220 1126 ad'

23 1215 24 1222 .
89 1168 233 1255 ripariaS,
253 1167 319 1230 nisi
338 1168 395 1255 qui
412 1166 451 1229 ab
469 1152 604 1252 antiquo
620 1175 653 1227 et
668 1163 796 1251 dejure
813 1164 919 1228 lacere
936 1164 1072 1228 debent.

129 1307 182 1372 24.
208 1308 327 1374 Nullus
350 1305 552 1386 vicecomes,
581 1306 865 1384 constabularium
895 1318 1126 1386 coronatores,
1154 1305 1203 1370 vel

22 1485 23 1498 χ
90 1409 141 1473 alii
151 1410 264 1474 ballivi
280 1409 398 1490 nostri,
418 1419 554 1473 teneant
569 1408 688 1496 placita
707 1433 828 1472 corone
845 1420 971 1472 nostre.

131 1553 183 1618 25.
213 1553 333 1618 Omnes
352 1557 538 1632 comitatus,
559 1553 732 1630 lttrndredi‚
754 1551 966 1639 wapentalsii,
988 1565 1018 1614 et
1036 1552 1203 1639 tretbingi’

22 1667 23 1698 ³
91 1660 150 1718 sint
176 1658 221 1719 ad
245 1658 402 1745 antiquas
429 1654 548 1740 firrrias
575 1656 698 1743 absque
725 1653 790 1718 ullo
820 1659 1037 1734 incremento,
1063 1659 1206 1742 exceptis

22 1825 24 1832 ,
91 1757 257 1824 dominicis
276 1761 433 1822 inaneriis
455 1763 588 1822 nostris.

22 1983 23 1990 ἵ
132 1900 185 1964 26.
213 1902 249 1966 Si
272 1901 391 1988 aliquis
410 1913 529 1963 tenens
552 1898 593 1963 de
618 1899 714 1962 nobis
738 1898 859 1963 laicum
880 1899 1013 1963 feodum
1033 1899 1204 1977 moriatur,

94 2014 123 2066 et
145 2003 329 2067 vicecomes
358 2003 409 2065 vel
432 2001 572 2065 ballivus
597 2013 710 2065 noster
735 2001 893 2064 ostendat
922 2001 1048 2064 litteras
1076 2013 1207 2064 nostras

22 2121 24 2178 ζ
93 2115 238 2191 patentes
257 2104 298 2167 de
313 2097 576 2167 summonicioue
598 2115 711 2166 nostra
730 2101 770 2165 de
787 2101 901 2166 debito
917 2102 1006 2192 quod
1027 2102 1204 2166 defunctus

22 2285 23 2290 η
94 2205 185 2269 nobis
205 2204 332 2283 debuit,
355 2205 454 2268 liceat
474 2203 661 2270 vicecomiti
676 2204 726 2268 vcl
745 2204 866 2268 ballivo
889 2217 1004 2268 nostro
1027 2205 1207 2269 attachiarc

95 2321 122 2371 et
147 2309 342 2372 imbreviarc
375 2307 490 2371 catalla
520 2305 669 2370 deiuncti
694 2306 829 2370 inventa
856 2307 890 2369 in
915 2305 999 2370 laico
1026 2307 1138 2386 feodo,
1166 2305 1208 2369 ad

21 2471 22 2474 ,
94 2409 267 2474 valenciam
294 2408 384 2473 illius
408 2407 530 2486 debiti,
556 2433 616 2497 per
637 2408 743 2472 visum
764 2407 921 2496 legalium
950 2408 1133 2488 hominum,
1163 2405 1209 2472 ita

21 2547 22 2588 3
95 2523 199 2575 tamen
216 2511 305 2600 quod
321 2510 425 2574 nichil
442 2509 520 2575 inde
539 2523 739 2588 amoveatur,
760 2511 866 2574 donec
887 2511 1093 2600 persolvatur
1111 2507 1208 2575 nobis

21 2615 23 2624 ’
96 2613 239 2677 debitum
255 2613 345 2702 quod
361 2614 485 2677 clarum
501 2613 611 2693 luerit,
629 2626 662 2678 et
677 2613 846 2677 residuum
863 2613 1071 2702 relinquatur
1089 2637 1209 2676 execu-

21 2731 22 2796 ἦ
97 2716 219 2780 toribus
244 2714 285 2780 ad
309 2714 497 2780 laciendum
518 2727 753 2780 testamentum
778 2715 945 2795 defuncti,
975 2729 1023 2795 et,
1052 2716 1079 2778 si
1106 2713 1211 2778 nichil

21 2801 23 2810 μ
97 2815 188 2881 nobis
219 2819 383 2892 debeatur
412 2817 453 2881 ad
481 2816 572 2904 ipso,
604 2819 713 2882 omnia
742 2817 858 2881 catalla
886 2818 1006 2882 cedant
1034 2817 1207 2896 defuncto,

21 2957 22 2972 .
98 2919 189 2983 salvis
205 2919 300 2984 uxori
320 2919 427 3007 ipsius
446 2932 478 2983 et
498 2919 611 3009 pueris
631 2918 891 2984 racionabilibus
911 2920 1062 3007 partibus
1084 2918 1164 2983 suis.

139 3073 190 3137 27.
216 3076 255 3137 Si
268 3075 390 3164 aliquis
406 3076 487 3138 liber
501 3076 595 3138 borno
615 3078 785 3138 intestatus
801 3075 986 3155 decesserit,
1005 3076 1131 3139 catalla
1146 3101 1210 3140 suo

96 3201 152 3268 pler
175 3201 293 3242 manus
310 3184 574 3266 propinquorum
594 3192 773 3265 parentum
798 3192 828 3240 et
852 3183 1034 3242 amicorum
1053 3203 1208 3259 suorum,
1254 3247 1255 3250 Ἴ

21 3317 22 3366 t
96 3302 152 3364 per
178 3282 279 3343 cisum
310 3279 442 3342 ecclesie
475 3281 730 3360 distribuantur,
760 3281 861 3343 salvis
892 3284 1067 3372 unicuique
1096 3281 1211 3346 debitis

21 3455 23 3472 μ
100 3403 157 3466 qne
173 3381 346 3470 defunctus
362 3384 395 3444 ei
406 3383 554 3445 debebat.

141 3521 190 3587 28.
217 3523 336 3589 Nullus
350 3523 629 3602 constabularius,
646 3522 696 3586 vel
713 3522 796 3587 alius
812 3523 952 3587 ballivus
967 3538 1089 3604 noster,
1103 3525 1211 3613 capiat

100 3623 191 3688 blada
207 3625 258 3689 vel
275 3624 340 3689 alia
358 3625 476 3690 catalla
496 3625 648 3712 alicujus,
667 3623 731 3688 nisi
750 3624 859 3689 statim
877 3625 955 3688 inde
975 3626 1093 3690 reddat
1109 3626 1212 3690 dena-

102 3725 177 3806 rios,
204 3740 259 3790 aut
282 3727 572 3816 respectuminde
593 3727 717 3790 habere
743 3725 850 3815 possit
874 3726 915 3790 de
940 3725 1108 3790 voluntate
1132 3749 1214 3790 ven-

102 3825 226 3892 diteris.

144 3967 193 4034 29.
220 3969 339 4036 Nullus
362 3969 628 4034 constabularius
648 3969 829 4060 distringat
848 3970 992 4058 aliquem
1014 3969 1151 4035 militem
1172 3969 1214 4034 ad

21 4073 23 4080 ’
105 4067 242 4136 dandum
260 4072 414 4135 denarios
430 4097 491 4160 pro
510 4072 660 4138 custodia
679 4074 794 4152 castri,
817 4074 844 4136 si
863 4072 970 4138 facere
985 4071 1126 4137 voluerit
1143 4095 1214 4135 cus·

107 4171 223 4238 todiam
243 4174 333 4239 illam
351 4175 386 4238 in
406 4173 542 4263 propria
557 4198 697 4263 persona
718 4197 789 4256 sua,
809 4174 860 4240 vel
878 4197 939 4264 per
957 4174 1058 4239 alium
1073 4174 1215 4263 probum
