2832 4868
167 301 198 348 aa
429 301 577 350 cataras
595 303 656 352 nas
674 292 834 352 tinnarts
851 305 1031 354 arctamus

211 417 265 482 47.
295 419 336 482 Et
354 441 469 482 omnes
485 419 607 483 lorestc
626 444 689 508 que
710 434 787 484 sunt
802 423 977 486 alorestate
997 447 1056 511 per
1074 448 1192 514 regem
1208 439 1298 489 tem-

167 544 248 609 pore
262 543 321 584 suo
336 517 627 598 deallorestentur,
645 524 735 587 etita
752 521 807 586 liat
823 523 863 588 de
880 525 1010 612 ripariis
1024 549 1088 612 quc
1100 549 1162 614 per
1181 528 1297 614 ipsum

169 647 282 713 regem
300 636 376 686 sunt
393 621 426 688 in
443 621 594 687 defenso.

210 765 265 830 48.
292 767 417 830 Omnes
442 775 550 831 autem
571 764 650 830 istas
671 766 930 830 consuetudines
952 778 984 831 nt
1004 767 1179 832 libertates
1206 791 1293 858 quas

169 891 225 934 rex
245 865 413 932 concessit
434 889 538 954 regno
561 866 722 930 tenendas
743 880 904 955 quantum
927 867 968 932 ad
990 892 1023 932 se
1043 870 1192 956 pertinet
1213 893 1299 960 erga

169 994 258 1048 suos,
288 993 403 1032 omnes
432 967 474 1030 ‹le
499 992 603 1058 regno
628 980 693 1032 tam
714 969 826 1034 clerici
849 994 946 1058 quam
970 965 1047 1036 laici
1065 969 1300 1039 observabunt

170 1085 329 1164 quantum
349 1072 441 1135 adse
459 1071 607 1160 pertinet
623 1096 699 1160 erga
719 1096 808 1136 suos.

214 1213 267 1279 49.
297 1216 364 1280 Hoc
386 1225 437 1278 est
459 1213 562 1280 forma
582 1213 770 1278 securitatis
791 1215 831 1279 ad
852 1215 1095 1281 observandum
1118 1241 1239 1306 paoem
1264 1229 1299 1282 ot

170 1320 341 1384 libertates
358 1321 568 1408 interregem
582 1334 614 1384 et
629 1344 778 1409 regnum,
794 1323 941 1386 Berones
957 1322 1083 1410 eligent
1097 1348 1183 1389 .xxv.
1198 1325 1298 1390 baro-

170 1447 229 1488 nes
250 1423 292 1488 de
318 1447 421 1514 regno
444 1446 527 1510 quos
550 1422 732 1502 voluerint,
755 1424 812 1512 qui
834 1424 959 1487 debent
979 1449 1039 1512 pro
1062 1425 1143 1489 totis
1165 1425 1297 1492 viribus

171 1524 239 1588 suis
263 1526 457 1604 observare,
480 1537 595 1590 tenero
618 1539 650 1588 et
670 1525 777 1588 lacere
797 1524 977 1604 observari,
999 1551 1115 1614 pacem
1136 1539 1169 1590 et
1190 1527 1297 1592 liber-

169 1639 254 1690 tates
280 1651 361 1714 quas
388 1626 541 1690 dominus
568 1650 626 1690 rex
651 1625 698 1690 eis
724 1629 889 1691 concessit
915 1641 947 1690 et
973 1640 1061 1692 carta
1087 1653 1146 1693 sua
1170 1630 1296 1694 confir-

173 1729 289 1806 mavit3
313 1729 356 1792 ita
374 1727 531 1792 videlicet
548 1729 637 1818 quod
657 1730 685 1792 si
703 1753 771 1807 rex,
788 1729 839 1792 vel
856 1729 1089 1815 justiciarius¹‚
1112 1731 1163 1795 vel
1180 1731 1298 1795 ballivi

171 1829 277 1920 regis,
302 1830 353 1894 vel
373 1830 492 1916 aliquis
513 1829 554 1892 dc
575 1830 736 1894 ministris
760 1829 843 1908 suis,
867 1832 900 1894 in
921 1831 1031 1919 aliquo
1051 1856 1128 1921 erga
1148 1832 1296 1922 aliquem

172 1930 367 2018 deliquerit,
395 1931 445 1994 vel
477 1932 621 2019 aliquem
651 1931 863 1996 articulorum
893 1934 983 2019 pacis
1015 1945 1069 1996 aut
1102 1933 1296 1998 securitatis

171 2045 401 2120 transgressus
419 2032 530 2111 fucrit,
554 2045 586 2096 et
602 2033 760 2097 delictum
777 2045 946 2096 ostensum
960 2033 1060 2098 fuerit
1080 2042 1181 2098 .1111⁰'.
1199 2035 1295 2098 baro-

171 2135 270 2198 nibus
290 2134 331 2197 de
346 2134 506 2221 predictis
528 2161 609 2200 ⁴xirv.
632 2134 826 2213 baronibuS,
843 2133 891 2198 illi
913 2143 1012 2200 .1111⁰'.
1032 2137 1175 2200 barones
1197 2161 1296 2201 acce-

172 2235 255 2299 dent
277 2235 317 2297 ad
340 2235 511 2300 dominum
532 2261 658 2328 regem,
678 2237 728 2299 vel
750 2236 790 2299 ad
808 2235 1028 2323 justiciarium
1049 2261 1159 2316 suum,
1183 2239 1213 2301 si
1237 2261 1297 2302 rex

171 2337 273 2400 fuerit
299 2349 391 2400 extra
416 2361 573 2426 regnum;
596 2350 822 2427 proponentes
845 2337 874 2401 ei
899 2362 1088 2415 excessum,
1115 2351 1233 2427 petent
1260 2352 1298 2406 ut

173 2463 344 2502 excessum
361 2436 454 2502 illum
472 2440 543 2504 sine
563 2439 724 2504 dilatione
744 2439 838 2503 saciat
857 2440 1026 2503 emendari
1042 2467 1049 2518 3
1068 2453 1099 2503 et
1120 2441 1147 2502 si
1168 2464 1226 2504 rex
1242 2441 1297 2504 vel

170 2539 375 2628 justiciarius
403 2543 473 2628 ejus
497 2541 579 2605 illud
603 2567 669 2606 non
690 2541 926 2620 emendaverit,
953 2543 979 2604 si
1003 2566 1058 2604 rex
1081 2541 1180 2604 suerit
1202 2553 1297 2604 extra

173 2666 330 2731 regnum,
353 2644 436 2706 infra
457 2642 656 2707 rationabile
675 2657 806 2730 tempus
828 2643 1115 2707 determinandum
1133 2643 1167 2706 in
1186 2656 1295 2721 carta,

173 2743 317 2832 predicti
329 2751 434 2809 ,1111⁰‘.
453 2746 596 2808 referent
608 2745 835 2809 causamillam
849 2744 890 2807 ad
903 2744 1053 2808 residuos
1069 2744 1110 2808 de
1124 2743 1202 2808 illis.
1218 2770 1294 2810 xxv.

172 2846 369 2925 baronibus,
386 2859 417 2909 et
431 2845 480 2910 illi
498 2873 583 2912 axv.
598 2871 672 2911 cum
689 2870 863 2912 communa
875 2848 975 2912 totius
989 2860 1076 2910 terre
1090 2845 1299 2935 distringant

173 2962 207 3014 et
221 2949 407 3037 gravabunt
420 2972 534 3038 regem
552 2948 657 3013 modis
674 2949 827 3014 omnibus
844 2947 965 3034 quibus
979 2960 1148 3036 poterunt,
1168 2947 1299 3013 scilicet

173 3049 441 3139 perceptionem
461 3061 662 3130 castrorum,
683 3063 858 3128 terrarum,
881 3049 1149 3137 posscssionum,
1169 3062 1202 3112 et
1223 3048 1299 3113 aliis

174 3152 281 3216 modis
304 3151 424 3238 quibus
444 3164 615 3237 poterunt,
637 3153 742 3214 donec
763 3151 862 3214 fuerit
880 3151 1090 3214 emendatum
1112 3151 1299 3218 secundum

174 3254 350 3319 arbitrium
373 3275 505 3331 eorum,
534 3254 621 3316 salva
645 3275 787 3341 persona
807 3251 933 3316 domini
956 3253 1044 3340 regis
1069 3264 1101 3314 ct
1124 3250 1240 3339 regine
1265 3264 1300 3316 et

173 3534 280 3587 France,
288 3530 319 3576 de
328 3530 354 3575 la
365 3527 477 3574 Flandre
485 3543 518 3574 ou
527 3527 562 3573 du
572 3526 702 3582 Brabant;
712 3527 775 3574 c'est
782 3528 808 3573 la
817 3542 877 3572 sans
887 3527 964 3574 doute
975 3526 1037 3588 qu'il
1050 3525 1164 3574 faudrait
1173 3526 1304 3575 cherchel'

174 3595 212 3640 les
226 3608 291 3655 pays
305 3591 368 3638 dont
383 3591 416 3638 ils
431 3595 536 3662 portent
549 3590 586 3634 les
600 3604 684 3634 noms.
698 3590 783 3651 Roger
794 3587 825 3634 de
840 3589 983 3636 Wendovcr
996 3589 1069 3651 place
1082 3605 1115 3634 au
1128 3589 1239 3635 nombre
1254 3588 1302 3636 des

176 3653 345 3703 «consiliarii
359 3651 519 3713 iniquissimi
533 3666 544 3697 u
558 3650 589 3696 de
604 3650 668 3697 Jeen
685 3667 746 3696 sans
762 3657 829 3696 terrc
842 3665 847 3696 2
862 3667 873 3696 a
891 3651 1029 3713 Philippus
1043 3649 1122 3697 Marci
1137 3651 1302 3712 castellanus

174 3718 206 3764 de
219 3714 394 3778 Notingebam
409 3732 431 3771 r,
446 3729 458 3760 a
472 3713 603 3760 Gerardus
618 3713 648 3758 de
661 3713 717 3759 Atie
729 3719 754 3758 et
766 3712 921 3773 ingelardus
931 3729 1012 3774 nepos
1025 3712 1090 3774 ejus.
1106 3728 1117 3758 n
1129 3711 1187 3773 (Ed.
1203 3713 1303 3762 Luard,

202 3816 228 3887 l.
247 3777 390 3900 L’eiriginal
405 3843 480 3898 porte
498 3837 643 3884 seulement
656 3835 698 3892 ici,
720 3851 777 3882 com
784 3850 825 3881 me
841 3834 906 3882 dans
921 3843 977 3884 tout
992 3837 1016 3882 le
1032 3841 1102 3883 reste
1118 3835 1150 3882 de
1168 3835 1302 3886 l’artiole:

170 3903 270 3968 justia,
286 3901 400 3948 luissent
412 3915 445 3946 au
458 3899 557 3946 lecteur
567 3899 599 3944 de
610 3899 714 3944 decider
727 3903 857 3944 comment
867 3897 886 3944 il
899 3899 955 3945 faut
969 3898 1091 3944 terminer
1103 3899 1128 3944 lc
1141 3904 1205 3956 mot,
1220 3905 1247 3945 et
1261 3901 1306 3948 s’il

176 3967 232 4012 lant
245 3965 268 4010 lc
285 3969 377 4010 mettre
393 3977 425 4007 au
444 3960 572 4023 singulier
586 3977 619 4006 ou
636 3977 668 4006 au
684 3959 780 4022 pluriel
790 3975 796 4015 ;
813 3959 879 4006 mais
897 3960 957 4022 cinq
971 3960 1056 4022 lignos
1073 3959 1133 4022 plus
1147 3960 1206 4019 bas,
1225 3960 1247 4008 il
1263 3969 1306 4010 ost

176 4032 221 4073 nur
236 4026 298 4088 qu’il
315 4027 371 4070 faut
382 4025 406 4070 le
422 4022 557 4085 singulisn,
574 4023 685 4086 puisque
700 4022 724 4067 le
738 4027 791 4067 mot
809 4021 905 4084 abreget
918 4029 958 4068 est
972 4023 1039 4068 snivi
1052 4021 1083 4068 de
1100 4037 1174 4067 anum
1187 4023 1256 4070 ecrit
1269 4041 1304 4072 en

174 4094 259 4136 tontes
280 4089 379 4134 lettres.
400 4084 484 4143 Enfin,
501 4085 523 4131 si
541 4085 593 4130 l’on
609 4101 635 4132 se
655 4088 759 4150 reponte
780 4082 881 4130 al'art.
899 4084 928 4130 ts
943 4084 973 4130 de
990 4085 1016 4130 la
1034 4083 1137 4131 Grande
1154 4083 1250 4134 charte
1268 4087 1304 4135 de

175 4151 249 4210 Jean,
264 4167 297 4198 on
310 4165 337 4197 se
351 4146 508 4196 convaincra
518 4146 581 4210 qu'il
595 4149 659 4204 saut,
674 4150 782 4209 partout
795 4144 838 4201 ici,
849 4144 898 4192 lire
913 4161 917 4192 :
929 4144 1098 4208 justiciarius.
