2796 4854
362 373 429 420 vui.
446 399 477 409 -
493 371 622 420 cuium
640 371 680 419 nn
698 371 738 418 m
755 357 862 419 66616
1140 374 1171 419 aa

57 493 110 554 bat
131 503 164 554 et
191 489 323 555 debuit.
346 489 397 554 llli
422 503 530 554 autem
555 489 611 578 qui
638 502 771 578 portant
793 513 893 577 super
914 489 1051 553 dorsum
1075 513 1170 554 suum

57 594 206 671 buscam,
230 591 407 672 corticem,
427 593 477 657 vel
496 594 691 670 carbonem,
712 592 753 656 ad
774 591 1000 672 vendendum,
1022 593 1171 680 quamvis

57 694 130 758 inde
147 695 275 774 vivant,
296 695 422 760 nullum
441 696 482 760 (16
499 708 610 760 661666
625 695 706 759 dent
722 693 973 784 chiminagium.
992 697 1040 759 De
1059 695 1170 759 boscis

57 811 162 862 autem
192 798 334 862 aliorum
362 798 488 862 nullum
515 798 612 861 detur
640 795 878 887 chiminaginm
904 797 1078 862 soristariis
1103 799 1170 884 (sic)

58 900 189 980 nostrie,
207 913 422 990 preterquam
444 900 485 965 de
503 900 681 965 dominicis
700 901 810 964 boscis
828 899 981 963 nostrisl.

100 1042 149 1106 15.
178 1045 307 1108 Omnes
330 1044 467 1132 utlagati
491 1067 552 1132 pro
577 1043 700 1107 foresta
723 1055 850 1106 tantum
874 1066 891 1107 a
911 1053 1061 1130 tempore
1082 1041 1171 1134 regis

59 1145 189 1208 Henrici
205 1145 257 1209 avi
279 1145 384 1210 nostri
400 1170 504 1235 usque
523 1145 564 1210 ad
579 1146 718 1233 primam
737 1143 991 1210 coronacionem
1006 1157 1169 1222 nostram,

57 1247 186 1311 veniant
206 1248 249 1312 ad
271 1272 385 1335 pacem
404 1262 551 1314 nostram
568 1249 639 1312 sine
659 1246 901 1336 inpedimento,
924 1260 956 1312 et
975 1247 1080 1312 salvos
1100 1248 1172 1337 ple-

59 1351 126 1436 gios
152 1349 328 1415 inveniant
353 1352 441 1440 quod
468 1352 509 1415 de
537 1363 648 1416 cetero
677 1375 744 1415 non
770 1349 975 1415 forisfaciant
1003 1351 1100 1415 nobis
1130 1351 1171 1416 de

59 1453 175 1518 foresta
196 1466 324 1518 nostra.

101 1594 151 1660 16.
178 1596 299 1661 Nullus
322 1595 520 1660 castellanus
534 1595 586 1659 vel
601 1596 706 1659 alius2
725 1607 836 1660 teneat
852 1595 973 1682 placita
988 1596 1029 1659 dc
1049 1595 1171 1659 foresta

61 1697 122 1760 sive
142 1697 183 1762 (16
201 1697 303 1763 viridi
320 1698 387 1762 sive
407 1698 448 1761 dc
467 1700 663 1774 venacione,
684 1696 743 1761 sed
762 1696 904 1786 quilibet
922 1698 1113 1762 forestarius
1130 1698 1171 1760 de

61 1797 152 1862 leudo
179 1800 341 1864 attachiet
368 1799 488 1888 placita
511 1800 552 1865 de
581 1800 703 1864 foresta
729 1811 794 1862 tam
819 1799 860 1862 de
885 1798 983 1862 viridi
1008 1821 1105 1886 quam
1130 1799 1171 1863 (16

60 1900 253 1982 vocacione,
277 1915 309 1966 et
327 1927 363 1966 ea
378 1915 549 1990 presentet
567 1901 733 1966 viridariis
753 1900 1013 1988 provinciarum,
1033 1914 1076 1979 et,
1095 1925 1169 1965 cum

62 1999 228 2068 irrotulata
254 2004 376 2068 fuerint
397 2017 428 2068 et
449 2006 509 2068 sub
534 2003 652 2094 sigillis
672 2003 902 2067 viridariorum
925 2002 1069 2080 inclusa,
1093 2028 1170 2092 pre-

63 2118 232 2171 sententur
250 2106 383 2196 capitali
402 2107 596 2171 16666166163
616 2131 689 2170 cum
708 2105 741 2169 in
763 2118 874 2194 partes
890 2105 962 2170 illas
982 2106 1111 2171 venerit
1129 2107 1169 2170 ad

62 2209 237 2272 tenendum
255 2210 375 2298 placita
397 2211 530 2286 foreste,
552 2223 583 2274 et
603 2233 712 2272 coram
733 2232 772 2271 66
790 2209 1021 2272 terminentur.

105 2350 153 2414 17.
181 2355 247 2418 Η66
275 2366 384 2417 autem
407 2353 575 2416 libertates
598 2351 638 2415 de
658 2351 789 2414 forestis
813 2352 1037 2416 concessimus
1062 2352 1169 2416 omni·

64 2450 135 2529 bus,
156 2455 255 2519 salvis
277 2454 554 2543 archiepiscopis,
573 2453 756 2542 episcopis,
775 2453 968 2532 abbatibus,
986 2454 1167 2542 prioribus,

64 2557 252 2636 comitibus,
273 2559 470 2635 baronibus,
489 2557 649 2621 militibus
669 2569 702 2620 et
724 2556 796 2620 aliis
811 2570 878 2620 tam
893 2555 1046 2644 personis
1062 2557 1168 2621 eccle-

65 2656 199 2723 siasticis
234 2684 332 2748 quam
366 2660 586 2738 secularibus,
623 2658 819 2746 Templariis
852 2671 885 2722 et
919 2658 1166 2747 Hospitalariis,

64 2754 268 2826 libertatibus
290 2776 323 2827 et
344 2762 459 2826 liberis
479 2761 777 2826 consuetudinibus
797 2761 831 2825 in
853 2760 985 2826 forestis
1003 2774 1036 2825 et
1058 2774 1166 2840 extra,

64 2855 94 2920 in
115 2866 279 2928 warennis
302 2877 334 2929 et
353 2865 438 2944 aliis,
463 2889 544 2953 quas
567 2866 658 2952 prius
683 2866 882 2928 habuerunt.
907 2867 1030 2929 Omnes
1058 2877 1167 2928 autem

63 2958 136 3026 istas
162 2968 421 3032 consuetudines
449 2967 615 3054 predictas
637 2979 669 3030 61
690 2966 874 3046 libertates,
896 2991 977 3056 quas
1000 2967 1167 3032 concessi·

65 3086 129 3128 mus
144 3066 177 3132 iu
191 3094 296 3160 regno
312 3084 425 3135 nostro
442 3069 603 3135 tenendas
619 3081 777 3157 quantum
793 3069 834 3133 ad
850 3093 911 3132 nos
928 3070 1074 3157 pertinet
1089 3094 1166 3160 erga

65 3181 200 3249 nostros,
229 3197 343 3236 omnes
371 3173 412 3237 de
438 3197 541 3262 regno
570 3171 705 3235 6661661
728 3184 795 3234 tam
824 3170 937 3235 clerici
965 3195 1062 3259 quam
1092 3171 1167 3236 laici

65 3268 234 3338 observent
256 3288 413 3363 quantum
437 3275 478 3339 ad
503 3299 537 3339 se
564 3274 708 3363 pertinet
734 3297 813 3362 erga
837 3275 948 3338 suos5.
979 3272 1061 3357 Quia
1088 3297 1166 3339 vero

92 3479 112 3524 1.
130 3481 199 3532 Cette
212 3485 329 3532 (16661166
339 3486 435 3547 phrase
446 3485 548 3550 (depuis
559 3489 594 3532 De
608 3483 697 3550 166616)
708 3499 820 3546 meaque
830 3484 895 3531 dans
909 3485 978 3532 1225.

92 3541 112 3587 2.
134 3545 176 3590 Vel
188 3547 256 3595 alius
269 3563 380 3610 meaque
393 3549 457 3595 dans
471 3549 539 3595 1225.

92 3603 113 3650 3.
130 3607 188 3656 1225
199 3610 285 3672 ajoute
298 3625 302 3656 :
317 3615 411 3658 nostro.

92 3665 113 3712 1.
131 3669 177 3717 Les
192 3678 260 3720 mots
276 3689 280 3718 :
294 3677 346 3718 tam
359 3671 444 3719 clerici
456 3689 532 3736 quam
545 3669 614 3729 laici,
627 3678 768 3780 manpuent
780 3671 845 3720 dans
857 3673 925 3719 1225.

93 3730 112 3775 5.
129 3733 243 3796 Apartir
253 3734 284 3780 de
296 3741 336 3781 cet
346 3735 456 3790 endroit,
468 3736 494 3782 16
503 3735 636 3783 re'daction
649 3735 680 3781 de
706 3736 750 3780 225
763 3749 789 3781 66
799 3736 908 3782 termine
919 3741 1065 3782 6616616661
1077 3751 1081 3782 :
1095 3735 1166 3782 «Pro

65 3785 109 3836 hac
122 3792 201 3855 igitur
216 3798 381 3844 concessione
398 3805 424 3844 et
437 3797 578 3846 donacione
593 3797 745 3843 libertatum
761 3797 873 3845 istarum
888 3803 913 3844 ct
929 3797 1041 3844 aliarum
1056 3798 1166 3846 liberta-

66 3853 115 3924 tum
130 3865 308 3906 contentarum
318 3860 345 3907 in
359 3859 452 3922 mojori
466 3867 538 3907 66616
553 3866 643 3906 nostra
655 3860 685 3906 de
698 3859 757 3906 61116
773 3859 949 3916 libertatibus,
963 3860 1164 3924 archiepiscopi,

66 3921 187 3981 episcopi,
206 3922 327 3979 abbates,
348 3923 463 3986 priores,
482 3921 602 3978 comites,
620 3923 745 3977 barones,
764 3923 873 3978 milites,
892 3921 974 3969 libere
994 3929 1123 3978 tenentes,
1142 3930 1167 3970 et

66 3990 147 4027 omnes
162 3983 193 4030 (16
212 4001 293 4048 regno
310 3992 411 4043 nostro,
429 3986 556 4033 dederunt
569 3985 644 4032 nobis
662 3984 910 4047 quintamdecimam
928 3992 1031 4048 partem
1050 3984 1167 4032 omnium

67 4040 192 4093 mobilium
205 4064 322 4094 suorum.
333 4048 513 4096 Concessimns
525 4048 606 4095 eciam
616 4047 714 4094 eisdem
725 4063 774 4109 pro
786 4049 861 4095 nobis
877 4054 902 4094 et
915 4047 1055 4095 heredibus
1069 4048 1167 4096 nostris

66 4104 129 4160 quod
143 4123 188 4155 nec
203 4127 250 4157 nos
263 4127 309 4157 nec
321 4111 429 4159 heredes
442 4111 524 4160 nostri
539 4109 637 4183 aliquid
652 4110 834 4172 perquiremus
849 4125 895 4173 per
925 4110 974 4157 uod
988 4110 1123 4158 libertates
1139 4110 1167 4158 in

66 4159 109 4209 hac
122 4177 191 4219 66616
205 4180 324 4221 contente
336 4173 513 4238 infringantur
528 4173 569 4220 vel
582 4174 759 4229 infirmentnr;
774 4180 807 4232 et,
820 4174 840 4220 si
852 4174 884 4220 ab
899 4127 985 4236 siliqua
999 4173 1099 4236 aliquid
1108 4189 1168 4220 con·

68 4227 103 4272 tra
118 4229 164 4280 hoc
182 4235 355 4300 perquisitum
376 4237 464 4296 luerit,
483 4234 563 4282 nichil
581 4236 667 4282 valeat
685 4241 710 4282 ct
726 4251 775 4298 pro
795 4237 868 4283 nullo
885 4236 1020 4283 habeatur.
1037 4235 1093 4284 11116
1111 4241 1166 4284 166·
