2796 4854
315 376 368 422 vlt.
387 403 417 412 --
434 375 565 424 GRANDE
583 374 712 424 CHARTE
732 375 772 422 DE
790 375 889 424 usual
906 377 942 424 ru
1160 379 1188 424 51

114 491 233 580 9(13).
261 492 382 557 Civitas
409 491 560 558 Loudon.
589 493 709 558 habeat
732 515 846 557 omnes
871 495 1024 582 antiquas
1052 493 1189 558 liberta·

73 609 120 660 tes
136 608 169 660 et
184 595 308 660 liberas
325 595 582 660 consuetudines
599 619 674 660 suas
686 595 708 658 ¹.
727 597 879 660 Preterea
897 596 1047 661 volumus
1063 609 1096 662 et
1116 621 1190 662 con·

74 696 221 762 cedimus
250 695 340 785 quod
368 721 484 761 omnes
511 697 574 762 alie
601 697 763 775 civitates,
790 710 823 762 et
849 697 959 786 burgi,
985 711 1018 763 et
1046 698 1135 780 ville,
1161 713 1192 763 et

74 801 212 864 barones
236 799 276 863 dc
306 801 449 889 quinque
471 799 649 888 portubus,
679 812 712 864 et
739 823 853 864 omnes
880 814 1010 890 portus,
1046 802 1192 867 habeant

74 929 187 970 omnes
208 904 381 970 libertates
403 917 436 970 et
452 904 575 970 liberas
598 905 857 972 consuetudines
879 931 966 973 suas.

117 1049 157 1115 10
175 1047 256 1138 (16).
283 1048 400 1114 Nullus
431 1048 652 1139 distringatur
673 1049 714 1113 ad
740 1047 927 1115 laciendum
953 1052 1057 1138 majus
1086 1049 1189 1115 servi·

76 1152 160 1217 cium
184 1153 226 1217 de
253 1151 349 1217 feodo
374 1149 487 1216 militis
515 1175 576 1216 nec
600 1151 641 1216 de
664 1151 728 1217 alio
753 1151 859 1217 libero
879 1165 1068 1219 tenemento
1093 1178 1190 1243 quam

77 1252 150 1320 inde
169 1255 325 1320 debetur.

118 1385 155 1449 11
174 1383 255 1472 (17).
282 1384 477 1448 Communia
505 1380 625 1472 placita
654 1407 722 1478 non
751 1397 932 1472 sequantur
961 1385 1085 1470 curiam
1111 1409 1189 1450 nos·

77 1499 167 1567 tram,
187 1500 239 1552 set
254 1499 432 1552 teneantur
448 1485 481 1552 iu
498 1484 609 1576 aliquo
627 1486 701 1551 loco
716 1499 819 1551 certo.

118 1627 178 1694 122
198 1627 279 1718 (18).
307 1627 567 1720 Recognitiones
592 1628 634 1694 de
654 1653 736 1694 nova
760 1629 936 1694 disseisina
959 1641 991 1694 et
1017 1629 1058 1695 de
1083 1644 1188 1695 morte

78 1731 294 1797 antecessoris
317 1755 382 1797 non
404 1729 577 1821 capiantur
596 1729 659 1796 uisi
681 1731 715 1796 in
738 1732 806 1796 suis
826 1730 1055 1812 comitatibus,
1073 1745 1106 1796 et
1128 1733 1190 1798 hoc

79 1833 171 1900 modo
192 1861 199 1898 ε
218 1857 292 1914 nos,
310 1834 360 1898 vel
377 1833 403 1898 si
420 1845 511 1899 extra
527 1858 665 1924 regnum
683 1833 852 1915 fuerimus,
874 1834 1024 1923 capitalis
1041 1834 1192 1922 justicia-

78 1937 141 2001 rius
157 1951 284 2017 noster,
304 1936 471 2002 mittemus
482 1935 687 2025 justiciarius
700 1961 759 2026 per
773 1960 1042 2025 unumquemque
1058 1935 1193 2002 comita·

78 2051 142 2103 tum
156 2040 260 2105 semel
276 2040 310 2104 in
327 2063 425 2119 anuo,
437 2037 493 2128 qui
511 2063 584 2104 cum
602 2039 762 2104 militibus
778 2041 995 2104 comitatuum
1012 2038 1144 2128 capiant
1159 2039 1192 2104 in

79 2143 289 2208 comitatibus
307 2143 428 2207 assisas
445 2143 625 2232 predictas.
642 2143 686 2206 Et
703 2142 762 2206 ea3
776 2167 839 2233 que
854 2148 886 2206 iu
903 2143 958 2206 illo
977 2143 1118 2208 adventu
1134 2167 1193 2207 sito

79 2251 108 2309 iu
138 2251 296 2311 comitatu
321 2270 382 2334 per
406 2243 639 2333 J'ustiaiarios4
663 2246 828 2334 predictos
858 2247 905 2308 ad
936 2245 1042 2308 dietas
1068 2248 1194 2312 assisas

79 2349 254 2436 capiendas
274 2352 388 2414 missos
411 2351 588 2412 terminari
603 2372 668 2412 nou
681 2361 834 2435 possunt,
851 2373 913 2437 per
935 2348 1062 2412 eosdem
1086 2353 1194 2413 tarmi-

80 2465 194 2515 ueutur
217 2451 301 2514 alibi
323 2455 356 2515 in
381 2452 495 2514 itinere
514 2472 596 2527 suo‚·
623 2464 652 2513 et
677 2475 717 2514 ea
742 2474 804 2538 que
825 2475 886 2542 per
908 2451 1035 2514 eosdem
1058 2466 1195 2541 propter

80 2553 304 2644 difficultatem
325 2554 513 2642 aliquorum
530 2551 746 2618 articulorum
766 2555 944 2616 terminari
958 2577 1022 2616 non
1036 2567 1192 2641 possunt,

80 2658 267 2746 referantur
292 2655 338 2720 ad
357 2658 564 2744 justiciarius
589 2670 718 2720 nostros
741 2657 780 2719 de
806 2656 921 2734 bauco,
951 2668 981 2719 et
1012 2656 1057 2720 ibi
1082 2661 1194 2722 termi-

80 2771 204 2823 nentur.

122 2885 175 2952 13.
203 2885 317 2952 Assise
350 2887 389 2950 da
425 2886 540 2950 ultima
568 2887 814 2974 presentationis
849 2911 978 2976 semper
1014 2891 1195 2975 capiantur·

81 3011 186 3053 coram
193 2991 397 3078 justiciariis
411 2990 551 3053 riustris5
570 2989 610 3052 de
628 2990 732 3053 bauco
748 3002 777 3052 at
796 2989 840 3052 ibi
858 2993 1086 3053 terminantur.

124 3131 164 3196 14
182 3131 260 3218 (20).
286 3130 384 3196 Liber
406 3133 506 3196 homo
536 3155 602 3196 non
627 3133 826 3196 amercietur
855 3155 916 3220 pro
942 3155 1043 3220 parvo
1069 3131 1193 3198 delicto

83 3231 163 3298 nisiss
177 3234 360 3299 secundum
377 3235 509 3299 modum
524 3238 626 3323 ipsius
644 3233 771 3314 delicti,
788 3246 822 3298 et
838 3258 899 3322 pro
918 3257 1040 3324 magno
1055 3233 1191 3312 delicto,

111 3426 133 3474 1.
149 3428 219 3476 Dans
232 3428 293 3476 1297
307 3443 313 3476 2
327 3443 413 3474 omnes
427 3425 558 3474 libertates
574 3443 635 3474 suas
649 3431 674 3474 et
689 3426 811 3491 antiquas
823 3425 1017 3474 consuetudt'nes
1027 3443 1096 3475 suas.

111 3491 132 3536 2.
150 3491 186 3538 La
198 3490 289 3538 charte
303 3490 334 3537 dc
351 3491 412 3538 1216
427 3489 514 3538 instro
529 3489 563 3537 ici
579 3506 613 3536 un
632 3495 705 3538 antro
720 3489 811 3538 article
826 3488 864 3553 (n⁰
879 3490 918 3554 13)
932 3490 1150 3552 :Recognitioucs
1164 3489 1194 3536 de

84 3566 145 3598 nova
157 3552 306 3610 dissemina,
320 3552 351 3600 de
365 3559 447 3600 morte
461 3552 644 3608 antecessoris,
656 3552 687 3600 dc
699 3552 793 3599 ultima
803 3551 1010 3615 presentacione‚
1026 3568 1077 3599 non
1091 3551 1195 3615 capian-

83 3620 123 3660 tur
133 3615 183 3662 nisi
196 3615 223 3662 in
235 3615 289 3662 suis
303 3615 470 3663 comitatibus
481 3620 506 3662 ct
518 3615 567 3662 boc
580 3615 673 3663 modo:
688 3631 745 3671 nos,
759 3615 801 3662 vel
814 3615 835 3662 si
847 3621 921 3662 extra
931 3630 1043 3676 regnum
1058 3614 1193 3672 fuerimus,

84 3677 199 3738 capitalis
212 3676 375 3740 justiciarius
392 3683 490 3732 noster,
510 3678 643 3724 mittemus
660 3677 725 3724 dnos
741 3676 903 3740 justicias-ios
919 3692 966 3739 per
985 3692 1143 3741 unumquem
1163 3692 1195 3723 ue

83 3739 230 3787 comitatum
264 3755 293 3787 er
304 3745 416 3804 quatuor
428 3740 497 3787 vices
513 3739 539 3784 in
556 3756 633 3795 anno,
647 3740 691 3802 qui
706 3755 766 3786 cum
781 3746 894 3802 quatuor
908 3739 1037 3786 militibus
1055 3693 1196 3801 cujuslibet

84 3801 217 3849 comitatus
231 3755 321 3849 clectis
336 3818 384 3864 per
397 3801 550 3850 comitatum
562 3802 706 3862 capientia
720 3802 845 3849 comitatu
855 3802 881 3848 in
895 3801 936 3847 die
947 3808 972 3848 ct
983 3802 1040 3849 loco
1056 3801 1195 3848 comitatus

85 3863 178 3911 aisisas
192 3863 332 3927 predictos.
346 3863 427 3920 C'est,
440 3880 474 3911 on
486 3864 510 3910 lc
521 3864 582 3922 voit,
597 3865 623 3912 la
636 3867 719 3912 mame
732 3863 864 3910 rtdaction
877 3881 927 3927 que
941 3864 1006 3910 dans
1020 3865 1045 3911 la
1058 3864 1153 3911 Charta
1164 3863 1195 3910 de

84 3925 140 3972 1215
152 3926 211 3998 (art.
229 3926 282 3990 18);
298 3927 324 3974 la
342 3925 474 3974 re'daction
489 3926 520 3973 ds
537 3928 563 3974 la
577 3927 667 3974 charte
682 3927 713 3975 de
731 3927 800 3984 1217,
818 3942 851 3973 au
871 3925 1001 3974 contraire
1015 3927 1074 3990 (ort.
1094 3926 1141 3991 13),
1157 3931 1196 3973 est

87 3985 215 4052 idcutrquc
227 3993 243 4034 a
257 3987 320 4036 celle
335 3989 367 4037 dc
382 3991 450 4037 1225.

113 4051 136 4097 3.
153 4052 221 4098 Dans
236 4051 296 4098 1237
309 4067 314 4099 :
325 4051 379 4099 illa.

113 4112 135 4158 t.
153 4114 212 4161 1297
224 4113 311 4176 ajoutc
326 4129 332 4162 ι
346 4119 456 4162 nostros.

115 4177 137 4220 5,
153 4174 214 4223 1297
228 4181 299 4223 omst
314 4190 319 4224 :
333 4175 437 4224 nostris.

113 4239 134 4284 6.
152 4237 293 4301 L’originol
306 4238 337 4286 de
351 4238 466 4288 Durham
479 4253 494 4286 a
508 4253 513 4286 :
528 4243 566 4287 set
579 4253 612 4286 au
625 4237 724 4303 lieuude
739 4253 744 4285 z
758 4236 817 4284 nisi,
