2796 4854
178 345 209 392 ss
436 341 585 391 curares
604 341 664 390 ons
681 329 841 390 1111111110
859 341 1038 392 ,iussisses

180 464 356 551 episcopis,
385 459 579 539 abbatibus,
602 458 790 550 prioribus,
823 460 1021 550 templariis,
1049 459 1299 549 hospitalariis,

179 564 362 640 comitibus,
382 561 561 626 baronibus
578 577 607 626 et
622 563 771 627 omuibus
784 561 860 627 aliis
874 577 940 626 tane
955 563 1174 628 ecclesiasticis
1185 586 1299 652 qrearn

179 663 386 730 'secularibus
406 666 558 755 personis
585 664 751 730 libertates
773 679 803 728 et
822 665 921 730 libere
942 665 1302 754 consuetudinesquas

173 772 273 858 prius
288 767 478 832 babuerunt
490 767 511 830 ¹.
897 823 899 828 ,

222 868 300 958 (60).
329 871 453 934 Omnes
468 881 577 934 autem
593 869 674 934 istas
690 869 948 935 consuetudines
965 869 1129 957 predictas
1144 882 1177 933 et
1192 869 1300 932 liber-

178 973 285 1037 tates²
299 995 382 1063 quas
402 960 626 1037 concessimus
644 972 677 1036 in
696 995 799 1062 regno
819 984 933 1036 nostro
950 972 1112 1036 tenendas
1131 985 1298 1060 quantum

178 1074 219 1139 ad
240 1099 300 1140 nos
321 1075 468 1164 pertinet
489 1099 567 1165 erga
589 1075 753 1155 nostr0s³‚
775 1099 889 1138 omnes
910 1074 952 1139 de
974 1098 1079 1165 regno
1097 1085 1211 1138 nostro
1227 1087 1298 1138 tarn

178 1175 292 1241 cleriei
313 1199 411 1266 quam
438 1175 513 1240 laici
536 1177 712 1242 observent
733 1188 892 1266 quantum
916 1176 957 1240 ad
984 1200 1018 1240 se
1042 1177 1187 1265 pertinet
1216 1198 1298 1265 erga

178 1278 287 1346 suasi.
311 1279 380 1343 Pro
405 1279 468 1344 bac
492 1294 600 1344 autem
628 1283 833 1343 concessione
855 1293 885 1342 et
908 1280 1083 1343 donatione
1105 1278 1297 1342 libertatum

178 1385 318 1448 istarum
341 1395 371 1446 et
391 1381 537 1447 aliarum
558 1381 745 1446 libertatum
763 1395 989 1447 contentarum
1010 1386 1043 1445 in
1063 1396 1159 1445 carta
1177 1394 1298 1445 nostra

178 1483 217 1550 de
232 1483 437 1548 libertatibus
450 1487 585 1576 foreste,
602 1485 851 1574 archiepiscopi,
869 1487 1020 1574 episcopi,
1038 1483 1184 1562 abbates,
1199 1489 1298 1574 prio·

178 1611 247 1666 res,
275 1591 424 1667 comites,
445 1587 601 1666 barones,
622 1588 756 1670 milites,
774 1588 873 1652 libere
893 1601 1052 1666 tenentes,
1075 1601 1105 1651 et
1126 1611 1235 1651 onenes
1256 1587 1298 1650 cie

178 1713 278 1779 regno
316 1703 427 1754 nostro
461 1690 622 1754 dederunt
657 1691 749 1755 nobis
786 1691 934 1780 quintam
974 1691 1132 1755 decimam
1158 1703 1296 1778 partem

177 1797 321 1856 omnium
344 1792 510 1857 mobilium
537 1817 684 1858 suorum.
716 1793 939 1859 Concessimus
965 1796 1063 1856 etiam
1089 1793 1207 1856 eisdem
1227 1816 1296 1880 pro

176 1895 269 1960 nobis
295 1909 326 1960 et
347 1896 521 1960 heredibus
544 1898 665 1961 nostris
683 1896 772 1986 quod
790 1918 849 1959 nec
873 1919 931 1959 nos
952 1919 1011 1958 nec
1034 1894 1169 1959 beredcs
1188 1897 1300 1958 nostri

176 1999 307 2088 aliquid
325 2003 556 2088 perquiremus
574 2024 638 2086 per
661 1999 750 2088 quod
770 1998 937 2062 libertates
961 2001 994 2060 in
1018 1996 1081 2061 liae
1104 2011 1200 2061 corta
1218 2021 1294 2062 con·

207 2207 229 2256 1.
249 2206 319 2256 Dans
332 2206 529 2264 1297,101111110
541 2208 652 2256 l’article
665 2214 704 2256 est
717 2207 784 2258 ainsi
795 2222 890 2269 00110110
905 2213 976 2255 :tem
990 2205 1168 2255 ecelesiasticis
1175 2208 1291 2270 personis

176 2285 253 2334 quam
266 2268 432 2327 secularibus,
448 2285 533 2318 ornnes
546 2269 676 2320 libertates
691 2276 715 2318 et
730 2269 808 2318 libere
822 2267 1016 2318 consuetudines
1030 2286 1095 2334 quas
1108 2267 1290 2333 1111010110-

177 2337 246 2380 runt.

208 2396 231 2442 2,
249 2395 319 2442 Dans
334 2395 393 2443 1297
409 2411 414 2442 :
430 2397 523 2443 Omnes
535 2402 620 2444 autem
635 2395 830 2444 eonsuetudines
843 2401 867 2443 et
879 2394 1011 2445 libertates
1020 2394 1161 2460 predictas.

207 2459 230 2504 ³.
249 2457 284 2504 La
299 2457 482 2505 confirmation
497 2458 529 2505 de
544 2457 569 2508 la
585 2460 624 2506 36·
639 2461 720 2506 annea
738 2459 769 2506 de
786 2457 866 2506 1101111
881 2459 917 2505 111
934 2456 1039 2521 ajoute:
1056 2457 1181 2515 homines,
1195 2456 1235 2521 qui
1248 2465 1290 2506 est

177 2535 227 2567 nne
239 2520 324 2567 bonne
336 2519 420 2582 lepori.

206 2584 229 2629 la.
248 2583 331 2644 Apr'es
345 2582 384 2630 les
401 2588 469 2630 mots
484 2599 488 2630 :
505 2599 566 2648 erga
585 2599 656 2642 suos,
670 2583 697 2631 la
711 2582 800 2632 charte
815 2583 846 2632 de
861 2585 922 2632 1216
941 2588 967 2630 et
985 2585 1049 2636 00110
1069 2583 1100 2632 de
1119 2584 1178 2631 1217
1192 2599 1217 2631 se
1233 2589 1287 2630 ter-

177 2644 277 2695 minent
290 2643 481 2692 diffe'ramment
496 2661 502 2692 ε

207 2708 276 2764 1216,
287 2713 337 2754 art.
350 2709 379 2754 42
393 2724 398 2755 ;
411 2707 478 2763 Quia
488 2723 550 2755 vero
579 2708 671 2756 uadem
682 2709 798 2772 capitula
808 2709 833 2756 in
844 2709 928 2774 priori
940 2709 996 2778 (sie)
1006 2717 1078 2760 carta
1091 2709 1287 2756 continebantur

175 2785 225 2878 pue
234 2769 326 2832 gravia
335 2775 360 2817 et
368 2770 525 2819 dubitabilia
533 2724 697 2828 vibebantur,
705 2771 844 2820 scilieetde
852 2776 1012 2836 scutagiiset
1020 2771 1124 2824 auxiliis
1132 2771 1284 2828 assidendis,

193 2831 311 2878 edebitis
321 2831 464 2880 Judeorum
475 2839 500 2880 et
511 2832 631 2889 aliorum,
642 2841 667 2881 et
677 2834 708 2882 de
719 2833 840 2883 libertate
851 2839 959 2888 exeundi
970 2838 1002 2885 de
1014 2852 1104 2900 regno,
1113 2834 1155 2884 101
1166 2833 1284 2882 redeundi

174 2894 201 2944 in
215 2909 334 2956 regnum,
351 2901 376 2941 et
388 2896 419 2944 de
432 2895 537 2943 forestis
549 2900 575 2942 01
588 2896 746 2954 forestariis,
759 2897 891 2945 warennis
903 2904 929 2944 01
939 2897 1125 2954 warennuriis,
1139 2903 1164 2944 et
1180 2897 1210 2943 de
1223 2913 1283 2944 con-

176 2956 359 3004 suetudinibus
374 2958 553 3013 comitatuum,
564 2964 589 3005 et
599 2957 630 3006 de
640 2959 747 3022 ripariis
760 2966 786 3007 et
798 2975 887 3006 aarum
900 2962 1062 3016 custodibus,
1080 2959 1181 3024 placuit
1193 2975 1283 3067 supra-

175 3018 252 3066 dictis
265 3019 375 3082 prelatis
386 3025 411 3067 et
423 3020 591 3082 magnatibus
605 3036 635 3069 ea
647 3037 704 3070 esse
717 3020 743 3068 in
755 3028 876 3086 respectu
905 3040 1023 3089 eousque
1035 3022 1139 3087 plenius
1151 3021 1220 3068 consi
1232 3021 1283 3068 ium

175 3081 360 3138 habuerimus,
378 3089 403 3130 et
419 3089 481 3130 11100
499 3083 624 3130 faciemus
644 3083 796 3146 plenissime
816 3090 870 3132 tam
888 3039 923 3133 be
941 3088 992 3135 hiis
1012 3102 1091 3151 quam
1109 3084 1141 3130 de
1162 3084 1219 3130 aliis
1235 3099 1281 3146 que

174 3143 334 3191 occurrerint
346 3143 516 3204 emendanda,
528 3160 577 3208 que
587 3146 620 3192 ad
631 3163 795 3194 communem
805 3147 922 3196 omnium
933 3151 1071 3198 utilitatem
1078 3145 1248 3258 pertinuerint
1257 3151 1282 3193 et

1077 3228 1084 3258 1

195 3222 268 3254 seem
288 3212 323 3253 et·
338 3212 435 3254 statum
459 3213 578 3255 nostrum
597 3215 622 3256 et
645 3223 672 3256 10
693 3210 719 3256 ni
740 3210 832 3258 nostri.
856 3210 923 3266 Quia
946 3229 1008 3260 1010
1034 3212 1075 3274 sig
1097 3211 1153 3258 lum
1172 3208 1281 3256 nondum

174 3223 329 3325 babuimus,
346 3276 495 3334 presentem
512 3276 613 3317 sartam
628 3227 725 3344 sigillis
741 3273 899 3320 venerabilis
911 3276 996 3339 putris
1009 3273 1092 3322 nostri
1104 3271 1201 3319 domini
1216 3270 1281 3319 Gua-

174 3331 243 3379 lonis
261 3331 330 3378 tituli
353 3333 436 3380 sancti
452 3333 558 3380 Martini
596 3335 716 3382 resbrteri
733 3334 888 3393 cardinalis,
905 3339 1048 3400 apostolice
1064 3335 1133 3383 sedis
1152 3334 1175 3381 le
1195 3333 1239 3389 ati,
1255 3339 1281 3380 et

174 3393 298 3440 Willelmi
308 3394 450 3442 Marisealli
463 3394 566 3443 comitis
577 3349 720 3444 1001110010
732 3397 840 3444 rectoris
855 3400 938 3446 nostri
952 3406 977 3447 et
990 3417 1018 3448 re
1056 3351 1279 3454 100011110011001

172 3455 296 3520 sigillari·
311 3456 432 3504 Testibus
448 3457 569 3506 omnibus
582 3459 771 3521 prenominatis
788 3466 814 3507 et
828 3459 887 3508 aliis
905 3463 1004 3510 multis.
1044 3469 1116 3509 atum
1132 3475 1180 3524 per
1194 3473 1278 3506 manus

173 3518 352 3628 predictorum
372 3519 470 3566 domini
490 3520 514 3567 le
535 3521 570 3568 ati
588 3527 613 3568 et
632 3521 755 3568 willelmi
773 3521 916 3570 Marisealli
933 3524 1036 3572 comitis
1056 3522 1195 3572 Penbroeie
1213 3521 1277 3585 apud

197 3581 329 3628 ristollum
342 3581 495 3629 duodecimo
528 3583 552 3629 ie
564 3584 715 3631 novembris
726 3600 794 3632 anno
803 3585 879 3647 regni
891 3587 974 3634 nostri
1004 3587 1078 3635 rimo.

205 3643 274 3700 1217,
286 3650 336 3693 art.
350 3646 397 3692 46:
411 3645 497 3692 Salvis
510 3646 726 3710 archiepiscopis,
740 3646 886 3711 episeopis,
898 3604 1047 3706 abbatibus,
1058 3647 1204 3712 prioribus,
1215 3653 1278 3694 tem-

171 3705 274 3769 plariis,
286 3705 476 3769 hospitalariis,
486 3707 635 3766 comitibus,
642 3709 795 3766 baronibus,
806 3715 831 3756 et
840 3711 961 3759 omnibus
970 3712 1029 3758 aliis
1037 3718 1093 3758 tam
1102 3707 1278 3757 ecelesiasticis

172 3767 293 3879 pepponis
304 3783 383 3831 quam
397 3769 568 3828 secularibus,
577 3771 745 3820 libertatibus
755 3776 781 3818 et
790 3771 881 3820 liberis
894 3773 1127 3822 consuetudinibus
1137 3788 1200 3836 quas
1210 3771 1277 3835 prius

194 3847 209 3878 a
230 3837 331 3878 uerunt.

203 3895 241 3940 117.
264 3893 410 3941 Statuimus
423 3894 511 3950 etiam,
523 3895 554 3941 de
565 3895 696 3944 communi
709 3895 819 3944 consilio
833 3897 916 3946 tocius
928 3898 1003 3962 regni
1013 3897 1105 3954 nostri,
1118 3898 1187 3960 quod
1198 3899 1277 3946 omnia

175 3960 260 4004 rastra
276 3955 437 4014 adulterina,
453 3957 574 4004 videlieet
587 3974 616 4006 ea
652 3975 683 4005 ue
697 3975 712 4006 a
727 3959 857 4022 principio
874 3977 968 4024 guerre
984 3968 1051 4009 mete
1067 3961 1136 4008 iuter
1152 3960 1277 4009 dominum

171 4017 318 4066 iohannem
339 4025 442 4082 patrem
463 4025 582 4068 nostrum
601 4027 625 4069 et
661 4037 754 4068 aeones
775 4038 835 4069 suos
854 4023 947 4088 Anglie
965 4027 1115 4073 constructa
1133 4025 1275 4072 1001101101

171 4080 330 4138 reedificata,
349 4082 439 4130 statim
454 4081 601 4130 diruantur.
621 4083 687 4139 Quia
704 4101 765 4132 1010
783 4085 898 4133 noudum
913 4087 1053 4135 habuimus
1072 4086 1201 4149 sigillum,
1215 4085 1275 4134 haue

175 4141 297 4208 [cartam]
317 4143 337 4191 si
359 4144 412 4192 illis
427 4145 526 4194 domini
541 4145 621 4219 legati
635 4145 751 4220 predicti
766 4153 792 4197 et
807 4149 910 4196 comitis
926 4149 1049 4198 Willelmi
1066 4149 1206 4197 Mariscalli
1222 4165 1275 4197 rec-

173 4205 237 4256 toris
254 4161 358 4270 10011111
373 4213 398 4255 01
410 4209 483 4272 regni
497 4215 579 4256 nostri
594 4210 701 4258 ieelmus
716 4209 836 4272 sigillari.
