2832 4868
214 309 244 356 111
469 309 617 358 1111111111
636 311 696 358 uus
714 299 874 360 clusuras
891 311 1071 361 uuccusns

214 423 281 490 rint
301 425 373 490 sine
393 426 510 490 marito
529 429 654 506 vivere,
675 429 719 492 ita
740 441 849 492 tamen
871 429 960 516 quod
979 431 1189 493 securitatem
1210 428 1318 492 facient

215 528 305 614 quod
338 551 405 592 non
437 528 638 593 maritabunt
664 553 699 593 se
730 531 801 594 sinc
827 554 964 594 assensu
993 531 1098 620 regis,
1130 530 1156 593 si
1184 530 1226 594 de
1253 553 1318 617 rege

216 641 361 710 teneant,
378 630 430 696 vel
446 631 658 696 dominorum
675 656 808 696 suorum
827 632 868 696 dc
886 633 1007 720 quibus
1025 645 1152 697 tenent.

260 772 312 838 18.
339 775 388 840 Ne
412 773 677 838 constabularius
699 773 749 837 vel
773 774 856 837 alius
877 773 1016 838 ballivus
1037 775 1146 862 capiat
1165 773 1261 836 blada
1278 771 1319 834 vel

215 875 277 940 alia
293 876 419 958 catalla,
439 875 504 941 nisi
522 876 632 940 statim
649 877 802 940 denarios
819 875 897 939 inde
916 875 1044 955 reddat,
1063 877 1128 940 nisi
1144 887 1320 963 respectum

214 977 338 1042 habere
351 979 457 1066 possit
474 979 515 1043 de
528 979 697 1042 voluntate
713 977 908 1042 venditoris.

261 1119 312 1186 19.
340 1122 388 1187 Ne
404 1119 668 1185 constabularius
687 1120 793 1208 possit
811 1117 1013 1208 distringere
1031 1119 1175 1208 aliquem
1193 1117 1321 1183 militem

215 1225 256 1290 ad
278 1223 423 1288 dandum
441 1222 595 1287 denarios
618 1248 679 1310 pro
702 1223 851 1286 custodia
873 1223 991 1301 castri,
1016 1221 1044 1286 si
1062 1221 1203 1285 voluerit
1226 1221 1320 1284 lacere

216 1325 401 1392 custodiam
421 1325 511 1388 illam
535 1325 569 1388 in
591 1323 726 1412 propria
747 1347 887 1412 persona
909 1325 960 1388 vcl
984 1349 1045 1413 per
1068 1323 1168 1388 alium
1191 1321 1321 1411 probum
1372 1327 1373 1330 ’

214 1427 397 1507 hominem,
422 1427 449 1492 si
474 1427 546 1516 ipse
569 1451 640 1492 eam
665 1428 771 1490 l'acere
797 1449 863 1491 non
888 1426 993 1516 possit
1018 1451 1078 1514 per
1103 1424 1322 1490 rationabilem

216 1555 367 1611 causam;
389 1543 421 1594 et
439 1530 467 1594 si
483 1555 540 1594 rex
559 1554 633 1594 eum
649 1529 780 1594 duxerit
798 1531 833 1594 in
851 1531 1064 1612 excercitum,
1082 1531 1124 1594 sit
1139 1530 1270 1618 quietus
1288 1525 1321 1588 de

216 1635 366 1700 custodia
383 1633 564 1698 secundum
582 1632 803 1720 quantitatem
815 1634 990 1722 temporis.

259 1776 314 1840 20.
341 1777 389 1842 Ne
409 1774 611 1854 vicecomes,
639 1774 690 1840 vel
713 1775 852 1840 ballivus
875 1776 981 1865 rogis,
1007 1773 1059 1838 vel
1083 1769 1202 1862 aliquis
1227 1772 1320 1847 alius,

216 1877 325 1965 capiat
347 1901 450 1966 equos
472 1877 522 1942 vel
543 1889 685 1942 carettas
706 1879 844 1966 alicujus
864 1877 962 1942 liberi
980 1876 1126 1941 hominis
1149 1901 1209 1966 pro
1229 1872 1321 1940 caria·

215 1979 272 2069 gio
289 1978 455 2060 faciendo,
475 1979 595 2044 nisiex
613 1981 781 2044 voluntate
797 1981 915 2070 ipsius.

259 2119 314 2184 21.
341 2122 390 2186 Ν1
416 2145 473 2184 rex
495 2121 547 2184 vel
568 2121 708 2185 ballivus
729 2146 807 2186 suus
831 2122 938 2209 capiat
959 2121 1101 2184 alienum
1126 2123 1265 2185 boscum
1287 2113 1320 2177 ad

215 2235 322 2286 castra
345 2222 396 2286 vel
421 2222 462 2286 ad
487 2222 550 2286 alia
574 2223 701 2314 agenda
729 2247 800 2304 sua,
829 2223 894 2286 nisi
917 2248 978 2313 per
999 2223 1202 2288 voluntatem
1226 2217 1321 2310 ipsius

216 2327 309 2413 cujus
330 2325 450 2390 boscus
470 2324 527 2388 ille
547 2323 656 2390 fuerit.

259 2463 313 2532 22.
340 2469 389 2534 Nc
410 2491 467 2532 rex
486 2478 598 2532 teneat
622 2479 743 2531 terram
766 2491 880 2532 eorum
904 2467 962 2555 qui
981 2467 1104 2532 luerint
1127 2462 1268 2532 convicti
1287 2460 1320 2524 de

214 2569 348 2649 felonia,
371 2569 435 2634 nisi
452 2594 512 2658 per
531 2594 632 2634 unum
649 2594 771 2634 annum
789 2583 822 2636 et
838 2594 940 2636 unum
956 2569 1055 2651 diem,
1077 2567 1136 2634 sed
1153 2582 1235 2634 tunc
1255 2561 1321 2630 red-

215 2670 312 2736 datur
327 2671 463 2736 domino
480 2672 580 2736 feodi.

258 2811 312 2877 23.
339 2815 383 2878 Ut
407 2837 522 2878 omnes
549 2813 666 2877 kidelli
692 2814 733 2878 de
761 2825 872 2878 cetero
897 2813 1030 2903 penitus
1054 2815 1266 2903 deponantur
1288 2808 1322 2872 de

215 2913 358 2980 Tamisia
376 2927 408 2979 et
428 2915 619 3004 Medeweye
636 2927 668 2979 et
682 2940 741 3004 per
758 2928 861 2980 totam
876 2916 1043 3006 Angliam.

258 3057 312 3123 24.
341 3060 389 3123 Ne
403 3059 501 3122 breve
514 3057 602 3145 quod
614 3071 748 3122 vocatur
762 3085 778 3120 1(
792 3060 931 3148 Precipe
944 3085 960 3120 1)
980 3060 1020 3123 de
1037 3071 1148 3123 cetero
1160 3059 1218 3122 liat
1233 3049 1321 3122 alicui

215 3161 264 3228 de,
277 3160 388 3248 aliquo
406 3172 597 3224 tenemento
616 3161 703 3224 unde
721 3159 806 3224 liber
824 3161 923 3225 homo
941 3163 1068 3226 amittat
1084 3161 1211 3226 curiam
1225 3181 1319 3226 suam.

260 3318 315 3383 25.
342 3315 377 3383 Si
403 3318 476 3405 quis
501 3315 601 3380 fuerit
625 3315 811 3380 dissaisitus
831 3317 881 3380 vel
901 3318 1117 3407 prolongatus
1139 3341 1200 3404 per
1220 3336 1321 3406 regem

216 3419 287 3485 sine
308 3418 431 3506 juditio
456 3419 497 3482 de
523 3419 637 3498 terriS,
663 3418 891 3497 libertatibus,
913 3432 947 3483 et
964 3422 1037 3506 jure
1063 3443 1140 3498 suo,
1167 3419 1275 3485 statim
1295 3417 1321 3477 ci
1361 3497 1364 3502 ,

215 3523 427 3600 restituatur;
444 3535 477 3585 et
497 3521 525 3583 si
543 3520 713 3585 contentio
734 3544 834 3609 super
853 3523 917 3584 hoc
937 3534 1008 3584 orta
1025 3522 1136 3599 fuerit,
1155 3533 1236 3584 tunc
1251 3517 1321 3584 iude

215 3623 412 3712 disponatur
430 3648 491 3712 per
501 3621 659 3710 juditium
678 3649 762 3687 .xxv.
781 3623 954 3702 baronum,
969 3637 1001 3688 et
1019 3636 1053 3686 ut
1070 3622 1119 3686 illi
1136 3623 1193 3710 qui
1209 3621 1321 3688 fuerint

214 3723 375 3790 dissaisiti
392 3750 451 3814 per
464 3737 592 3815 patrem
612 3726 663 3789 vel
681 3726 813 3789 fratrem
833 3727 933 3814 regia,
950 3739 1074 3790 rectum
1094 3727 1243 3790 habeant
1259 3723 1321 3787 sinc

214 3826 375 3892 dilatione
394 3852 454 3916 per
470 3827 627 3915 juditium
648 3829 776 3914 parium
802 3850 935 3891 suorum
955 3829 989 3890 in
1010 3829 1100 3892 curia
1119 3828 1229 3923 regis3
1251 3821 1320 3891 etsi

215 3953 273 3994 rex
287 3931 407 3995 debeat
420 3932 543 3995 habere
557 3929 734 3994 terminum
750 3930 888 3994 aliorum
907 3955 1004 3995 cruce
1020 3929 1240 4019 signatorum,
1253 3944 1320 3994 tunc

215 4033 486 4121 archiepiscopus
509 4045 541 4095 et
562 4032 712 4119 episcopi
731 4031 852 4098 faciant
869 4033 946 4097 inde
963 4032 1120 4120 juditium
1142 4033 1183 4097 ad
1204 4045 1319 4100 certum

215 4134 315 4216 diem,
336 4135 558 4225 appellatione
578 4147 715 4200 remota.
