2796 4854
161 365 191 412 an
420 363 569 412 curares
588 365 649 412 uss
667 353 828 414 erasures
846 367 1026 416 arenosas

161 481 218 569 qui
244 505 375 570 semper
402 482 572 546 consuevit
600 483 695 546 bonis
722 483 850 546 actibus
876 483 1023 548 invidere
1054 485 1124 549 suis
1155 484 1291 550 callidis

161 583 301 662 artibus,
318 583 475 648 adversas
491 607 564 648 eum
579 585 720 650 barones
732 583 852 676 Anglie
863 585 1040 651 concitavit
1053 586 1097 650 ita
1113 601 1151 650 ut
1169 589 1292 652 ordine

161 709 318 775 perverso
333 685 366 750 in
387 685 479 750 illurn
498 687 722 776 insurgerent,
742 701 918 777 postquam
937 713 1118 754 conversus
1141 690 1290 754 ecclesie

161 789 333 868 satislecit,
355 790 412 878 qui
435 789 636 854 assistebant
655 789 761 856 eidem
786 791 918 879 quando
934 790 1109 855 ecclesiam
1128 791 1287 856 offende-

162 892 228 955 bat.
244 893 323 956 Orta
338 889 502 980 siquidem
515 891 669 956 intereos
681 891 900 957 dissensionis
914 893 1061 972 materia,
1081 894 1288 982 cumplures

161 994 233 1059 dies
249 995 363 1058 statuti
377 992 518 1060 luissent
532 993 572 1058 ad
584 995 794 1060 tractandum
810 996 850 1060 de
866 1021 947 1086 pace
962 995 1131 1084 utrinque,
1145 995 1287 1061 interim

163 1096 363 1184 sollempnes
383 1095 491 1160 nuntii
509 1095 550 1160 ad
567 1109 714 1162 nostram
734 1098 867 1162 suerunt
886 1098 1089 1187 presentiam
1109 1099 1284 1175 destinati,

163 1223 238 1264 cum
253 1199 387 1287 quibus,
406 1197 521 1263 habito
537 1197 691 1289 diligenti
706 1211 860 1278 tractatu,
878 1213 954 1290 post
970 1201 1101 1288 plenam
1118 1200 1285 1265 delibera·

163 1300 288 1364 tionem
320 1300 514 1387 scripsimus
537 1323 597 1388 per
625 1301 760 1366 eosdem
795 1301 1048 1390 archiepiscopo
1082 1316 1115 1366 ct
1149 1301 1286 1390 episco-

163 1401 215 1490 pis
235 1401 432 1492 anglicanis,
452 1402 671 1491 precipiendo
697 1403 892 1468 mandantes
917 1404 1012 1468 atad
1035 1403 1286 1468 reformandum

163 1503 251 1569 inter
267 1516 424 1592 utrosque
440 1529 549 1570 veram
565 1518 598 1569 et
611 1505 743 1593 plenam
759 1505 973 1570 concordiam
989 1505 1135 1594 diligens
1152 1505 1285 1594 impen-

162 1606 282 1671 derent
306 1607 452 1671 studium
477 1619 510 1670 et
536 1631 671 1696 operam
691 1607 872 1686 efficacem,
897 1633 1012 1674 omnes
1033 1598 1285 1695 conjurationes

163 1721 196 1772 et
213 1707 489 1796 conspirationes,
512 1709 606 1796 sique
627 1708 757 1773 fuerant
778 1707 860 1772 sorte
880 1723 1072 1799 presumpte
1095 1722 1286 1799 atempore

163 1810 297 1876 suborte
322 1809 489 1876 discordie
507 1811 594 1874 inter
612 1834 750 1900 regnum
776 1825 809 1876 et
833 1811 1068 1890 sacerdotium,
1097 1812 1283 1900 apostolica

163 1911 404 1977 denunciantes
424 1911 621 1977 auctoritate
643 1926 788 1978 cassatas
804 1927 836 1978 et
854 1937 914 2002 per
929 1913 1285 1978 excommunicationis

163 2014 363 2080 sententiam
388 2014 580 2080 inhibentes
610 2040 651 2080 ne
679 2017 758 2080 talia
783 2016 939 2082 decetero
964 2028 1236 2105 presumerentur
1267 2042 1284 2080 a

164 2141 342 2208 quoquam,
361 2133 531 2210 magnates
548 2131 580 2184 et
599 2119 729 2184 nobiles
741 2119 861 2209 Anglie
877 2119 1043 2184 monendo
1056 2119 1239 2208 prudenter
1252 2135 1287 2184 et

163 2223 211 2286 eis
243 2219 421 2286 efficaciter
448 2221 655 2312 injungendo
687 2235 722 2286 ut
748 2245 809 2310 per
835 2223 1005 2286 manifesta
1033 2222 1220 2286 devotionis
1251 2237 1286 2286 et

162 2323 361 2388 humilitatis
381 2323 499 2389 iuditia
519 2326 627 2414 ipsum
653 2349 764 2415 regem
789 2323 853 2389 sibi
876 2324 1007 2413 placare
1033 2325 1219 2402 studerent,
1245 2349 1285 2389 ac

163 2423 299 2503 deinde,
319 2423 345 2488 si
365 2425 445 2514 quid
459 2427 501 2490 ab
519 2449 558 2490 eo
574 2426 736 2491 ducerent
751 2426 1001 2514 postulandum,
1016 2449 1082 2490 non
1099 2426 1286 2491 insolenter

164 2528 223 2592 sed
239 2525 651 2616 humiliterimplorarent,
669 2528 814 2618 regalem
826 2529 855 2594 ei
867 2541 1103 2596 conservantes
1119 2529 1284 2593 honorem

164 2642 197 2694 et
223 2629 418 2694 exhibentes
433 2628 575 2695 'servitia
600 2645 757 2696 consueta
786 2656 850 2720 que
877 2631 943 2721 ipsi
968 2643 1003 2695 et
1025 2630 1284 2720 predecessores

163 2757 277 2797 eorunr
294 2731 406 2796 sibiet
422 2732 489 2798 suis
505 2732 801 2821 predecessoribus
820 2733 1066 2823 impenderunt,
1084 2756 1157 2797 curn
1174 2734 1215 2796 ab
1233 2739 1284 2797 eis

164 2833 236 2924 ipse
260 2858 318 2898 rex
343 2858 407 2898 uon
432 2835 571 2899 deberet
594 2836 719 2924 absque
741 2835 864 2922 juditio
888 2834 1036 2924 spoliari,
1060 2847 1098 2899 ut
1121 2834 1169 2898 sic
1189 2836 1284 2924 quod

164 2935 377 3000 intenderent
405 2949 542 3024 possent
569 2937 696 3002 facilius
726 2938 891 3003 obtinere.
922 2940 989 3004 Nos
1019 2936 1107 3001 enim
1136 2937 1284 3001 eundem

164 3062 277 3129 regem
297 3062 356 3127 per
376 3039 503 3103 litteras
524 3051 654 3105 nostras
675 3040 863 3130 rogavimus
884 3053 916 3104 et
937 3036 1140 3117 monuimus,
1167 3050 1201 3102 et
1221 3063 1284 3126 per

162 3147 307 3230 prelatos
321 3140 610 3230 archiepiscopum
628 3154 661 3206 et
678 3141 855 3231 episcopos
870 3141 1105 3206 nichilominus
1121 3142 1232 3230 rogari
1249 3155 1285 3206 et

164 3242 289 3310 moneri
307 3243 544 3324 mandavimus,
560 3243 594 3308 in
611 3243 840 3308 remissionem
856 3241 1285 3333 sibipeccaminuminjun·

161 3361 279 3439 gentes
295 3345 450 3435 quatinus
465 3346 635 3435 predictos
654 3358 823 3436 magnates
839 3358 871 3410 et
887 3346 1015 3410 nobiles
1029 3344 1177 3436 benigne
1192 3358 1284 3410 trac-

160 3463 247 3514 taret
266 3461 298 3514 et
317 3450 423 3536 justas
440 3448 619 3537 petitiones
636 3472 749 3512 eorum
768 3448 950 3512 clementer
969 3447 1171 3525 admitteret,
1192 3460 1230 3512 nt
1250 3462 1286 3512 et

90 3561 96 3569 '
164 3551 226 3640 ipsi
252 3550 491 3641 congaudendo
523 3563 765 3641 cognoscerent
795 3574 870 3614 eum
897 3551 931 3614 in
961 3549 1131 3614 meliorem
1158 3547 1290 3615 statum

162 3654 271 3720 diviua
286 3653 392 3743 gratia
408 3678 480 3718 esse
498 3666 669 3734 mutatum,
686 3677 722 3718 ac
734 3654 866 3742 perhoc
877 3653 943 3742 ipsi
958 3665 990 3717 et
1006 3651 1147 3716 heredes
1165 3676 1284 3719 corum

163 3756 227 3821 sibi
246 3768 279 3819 et
296 3754 476 3820 heredibus
493 3757 561 3819 suis
577 3754 740 3820 deberent
752 3753 940 3844 promptius
956 3767 990 3818 et
1007 3752 1158 3818 devotius
1175 3755 1286 3820 samu·

161 3858 234 3938 lari,
252 3858 350 3946 plena
366 3857 460 3923 eisin
473 3857 651 3937 veniendo,
670 3857 828 3922 morando
848 3871 880 3922 et
897 3855 1084 3921 recedendo
1099 3857 1285 3923 securitate

162 3983 339 4037 concessa3
353 3957 399 4023 ita
410 3959 512 4048 quod,
530 3960 559 4024 si
574 3961 658 4024 forte
674 3958 828 4048 nequiret
841 3960 996 4024 intereos
1012 3958 1192 4024 concordia
1205 3985 1287 4048 pro-

160 4061 286 4140 venire,
304 4063 337 4125 in
349 4061 440 4125 curia
451 4085 508 4126 sua
524 4085 584 4150 per
595 4075 706 4150 partes
722 4085 835 4126 corum
846 4061 1029 4126 secundum
1041 4061 1149 4154 legem
1161 4073 1197 4126 et
1207 4087 1286 4128 con·

162 4163 355 4238 ,suetudines
377 4165 470 4254 regni
492 4163 626 4230 suborta
646 4163 811 4256 dissensio
830 4164 1008 4257 sopiretur.
1024 4165 1166 4244 Verum,
1191 4180 1288 4232 ante-
