2796 4854
244 323 276 372 V.
293 349 324 360 ·-
340 322 470 371 Gaiana
488 321 617 370 CHARTE
635 321 676 368 DE
693 321 773 368 JEAN
791 319 872 368 SANS
889 321 995 368 Tanau
1150 322 1182 368 29

61 440 177 516 debiti,
210 463 282 504 non
310 440 436 503 habens
470 439 559 504 unde
591 437 711 516 solvat,
748 435 851 526 plegii
885 436 1109 523 respondeant
1140 436 1182 500 de

62 541 192 620 debii0;
212 553 260 620 et,
277 539 304 604 si
317 540 495 618 voluerint,
513 541 658 604 habeant
672 552 777 602 terras
793 550 826 601 et
839 537 989 602 redditus
1006 537 1180 616 debitoriS,

62 643 166 706 donec
186 643 233 706 sit
248 641 297 706 eis
316 642 518 706 satisfactum
536 641 578 704 de
597 641 711 704 debito
732 639 822 727 quad
843 653 919 704 ante
934 663 995 727 pro
1017 663 1056 704 eo
1077 640 1182 704 solve-

62 743 137 823 rint,
150 743 218 808 nisi
236 742 386 832 capitalis
403 743 536 808 debitor
550 741 784 807 monstraverit
800 765 835 806 se
851 765 923 806 esse
941 740 1090 828 quietum
1105 740 1184 804 inde

61 869 173 909 versus
195 845 333 908 eosdem
353 844 494 933 plegios.

107 986 158 1050 10.
186 987 316 1074 Siquis
332 1000 443 1049 mutuo
459 991 577 1074 ceperit
593 985 721 1073 aliquid
735 1009 757 1046 a
768 985 895 1062 Iudeis,
908 984 986 1071 plus
1001 985 1050 1048 cel
1061 988 1181 1063 atinus,

64 1102 91 1150 et
110 1091 281 1151 moriatur
301 1102 477 1177 antequam
498 1087 640 1152 debitum
663 1087 747 1149 illud
767 1086 927 1163 solvatur,
954 1086 1095 1148 debitum
1119 1109 1184 1150 nun

66 1203 175 1252 usurct
200 1190 362 1278 quamdiu
387 1190 481 1252 lieres
505 1191 608 1278 fuerit
635 1190 726 1276 infru
753 1201 883 1266 etatem,
914 1188 953 1250 dc
980 1211 1184 1276 quocumque
1257 1205 1258 1210 ’

66 1303 188 1371 teneat,·
213 1304 245 1352 et
268 1295 298 1354 si
315 1291 457 1354 debitum
481 1289 563 1354 illud
581 1290 733 1352 inciderit
756 1291 788 1350 in
810 1311 929 1351 muniis
955 1301 1099 1366 nostras,
1126 1311 1185 1351 nos

66 1415 126 1454 non
146 1395 318 1479 capiemus
334 1395 400 1454 nisi
415 1391 572 1456 catullum
592 1404 777 1454 contentum
799 1395 831 1453 in
851 1404 959 1452 carta.

110 1546 161 1609 11.
187 1547 235 1610 Et
256 1548 379 1635 siquis
401 1549 576 1627 moriatur,
600 1560 630 1609 et
650 1545 792 1609 debitum
816 1544 932 1608 debeat
949 1545 1077 1623 Iudeis,
1101 1567 1186 1607 uxor

68 1650 134 1733 ejus
153 1648 279 1711 tabeat
293 1649 397 1712 dotem
414 1671 524 1726 suam,
542 1661 572 1711 et
590 1647 694 1710 nictit
707 1646 826 1710 reddat
842 1647 881 1709 de
898 1646 1003 1708 debito
1019 1644 1094 1726 illu,·
1111 1658 1141 1707 et
1157 1648 1190 1707 si

69 1749 161 1812 liberi
179 1754 284 1839 ipsius
303 1751 449 1837 defuncti
469 1754 527 1838 qui
546 1751 672 1838 fuerint
692 1749 783 1838 infra
803 1761 920 1810 etatem
946 1752 1184 1824 remanserint,

67 1853 302 1934 provideantur
334 1856 379 1914 eis
413 1857 602 1914 necessaria
635 1850 813 1914 secundum
848 1862 1063 1912 tenementum
1096 1849 1186 1937 quod

66 1951 163 2036 suerit
180 1953 339 2039 defuncti,
359 1965 388 2014 et
403 1953 442 2014 cle
458 1953 588 2015 residuo
603 1951 749 2018 solvatur
768 1951 923 2028 debitum,
940 1949 1031 2014 sulco
1048 1952 1186 2014 servicio

70 2051 293 2131 dominorum,·
314 2053 414 2118 simili
434 2053 527 2116 niodo
550 2053 613 2138 fiat
637 2053 675 2116 de
700 2053 815 2116 debitis
839 2077 901 2141 que
925 2053 1084 2115 debentur
1107 2050 1186 2114 aliis

71 2175 164 2238 quam
183 2156 313 2218 Judeis.

114 2293 164 2356 12.
190 2296 328 2362 Nullum
357 2294 542 2384 scutagium
572 2294 622 2359 cel
651 2294 815 2358 auxilium
845 2307 994 2383 ponatur
1022 2298 1056 2356 in
1088 2316 1188 2380 regno

72 2408 189 2472 nostre,
223 2399 292 2459 nisi
308 2422 369 2485 per
396 2420 565 2459 commune
594 2395 766 2460 consilium
792 2398 888 2483 regni
913 2400 1028 2472 nostri,
1056 2397 1121 2457 nisi
1146 2395 1192 2458 ad

73 2516 185 2582 corpus
207 2512 356 2562 nostrum
376 2499 617 2576 redimendum,
644 2511 674 2560 ct
690 2500 948 2584 primogenitum
976 2496 1083 2580 filium
1114 2519 1190 2557 nos-

74 2607 155 2659 trum
173 2600 308 2662 militem
320 2600 523 2688 faciendum,
546 2600 637 2662 etad
651 2600 759 2684 filiam
776 2614 923 2663 nostram
936 2599 1190 2686 primogenitum

73 2699 169 2761 semel
180 2702 421 2778 maritandam,
438 2712 469 2762 et
483 2701 529 2764 ud
546 2699 604 2762 hec
622 2725 687 2763 non
703 2701 767 2785 fiat
787 2705 853 2764 nisi
869 2699 1072 2763 racionabile
1092 2701 1191 2760 airai-

75 2795 147 2862 lium
155 2825 167 2881 ;
185 2802 290 2865 simili
308 2804 402 2866 niodo
422 2801 485 2885 fiat
503 2802 542 2865 de
563 2803 699 2864 auxiliis
716 2803 756 2865 de
776 2805 905 2868 ciuitate
926 2801 1073 2864 London.

116 2953 164 3016 13.
193 2959 234 3020 Et
261 2955 376 3022 civitas
400 2955 552 3020 London.
584 2956 704 3019 habeat
740 2979 855 3019 omncs
897 2953 1052 3042 antiquas
1089 2953 1191 3017 liber-

75 3061 153 3118 tates
172 3071 204 3120 et
224 3058 347 3121 liberas
371 3055 628 3120 eonsuetudines
654 3081 746 3137 suas,
774 3071 920 3143 temper
937 3071 1063 3133 terras,
1090 3078 1190 3144 quam

71 3175 128 3234 per
149 3179 268 3244 aquas.
303 3160 456 3222 Preterea
482 3156 629 3230 volumus
655 3169 687 3219 et
712 3157 927 3221 concedimus
954 3156 1044 3245 quod
1075 3179 1190 3219 omnes

76 3251 132 3315 alie
151 3256 317 3336 civitatee,
338 3273 370 3322 et
391 3259 499 3347 burgi,
523 3272 555 3321 et
574 3259 668 3337 ville,
691 3271 724 3321 et
742 3271 878 3345 portus,
907 3258 1052 3321 habeant
1075 3279 1191 3320 omnes

76 3349 238 3422 libertates
261 3371 294 3422 et
313 3360 435 3423 liberas
456 3359 716 3423 consuetudines
738 3383 825 3425 suas,

118 3509 166 3573 14.
191 3515 235 3578 Et
251 3516 297 3578 acl
311 3515 496 3577 liaberulum
514 3537 683 3576 coruinune
700 3514 871 3578 consilium
891 3519 985 3600 regni
1004 3512 1042 3574 cle
1060 3510 1189 3574 auxilio

76 3613 241 3678 assidendo
274 3615 371 3677 aliter
398 3637 497 3702 quam
527 3619 559 3676 in
588 3615 693 3677 tribus
719 3615 850 3676 casibus
876 3613 1045 3701 predicta,
1076 3611 1126 3676 cel
1151 3611 1190 3674 de

76 3721 216 3801 scutagio
254 3717 446 3792 assidentia,
482 3721 684 3778 summoneri
711 3717 875 3804 faciemus
908 3714 1187 3803 archiepiscopos,

79 3815 251 3902 episcopos,
279 3818 426 3893 abbates,
452 3822 602 3894 comites,
630 3831 660 3879 et
687 3821 832 3904 majores
856 3817 995 3878 barones
1020 3815 1189 3903 sigillatim

75 3929 130 3989 Per
159 3915 286 3982 litteras
314 3931 468 3998 nostrus,
501 3931 531 3980 et
558 3933 712 4005 preterea
738 3920 901 4006 faciemus
929 3921 1130 3980 summoneri
1157 3919 1190 3976 in

76 4019 218 4090 generali
235 4044 298 4108 per
322 4024 520 4082 vicecomites
539 4034 569 4081 ct
592 4021 727 4083 ballivos
750 4033 878 4082 rzastros
902 4042 1012 4080 omues
1037 4016 1109 4080 illos
1131 4019 1190 4104 qui

79 4107 112 4168 tle
133 4119 220 4182 nobis
244 4133 352 4184 teneat
373 4125 531 4210 incapite
552 4122 598 4182 ud
616 4134 740 4184 certum
761 4121 857 4198 diem,
878 4119 999 4181 scilicet
1017 4118 1063 4180 acl
1080 4120 1188 4179 termi-
