2796 4854
102 341 389 400 xl1.÷-PET1T10N
407 351 624 399 CONCERNANT
641 351 681 398 Ll
699 351 815 398 Tantu
832 349 959 400 ROYALE
977 348 1060 412 (OCT.
1074 348 1144 412 1297)
1176 351 1206 395 89

72 470 204 533 habere
239 481 507 545 consueverunt3
539 480 571 532 et
602 466 628 530 si
656 479 769 531 contra
797 466 869 531 illas
895 466 947 530 vel
975 488 1204 554 quemcunque
1255 469 1257 476 '

73 571 265 635 articulum
288 570 324 633 in
344 570 492 658 presenti
512 581 602 633 carta
624 581 817 633 contentum
837 581 959 634 statuta
977 569 1099 632 fuerint
1117 566 1205 631 edita

71 698 134 760 per
162 697 229 738 nos
261 672 317 736 vel
348 696 407 760 per
438 684 665 736 antecessores
695 684 839 748 nostros,
868 671 919 736 vel
946 669 1204 734 consuetudines

73 775 296 854 introducte‚
313 774 463 838 volumus
480 787 512 837 et
528 773 740 838 concedimus
756 773 846 862 qnod
860 771 1051 860 hujusmodi
1068 795 1204 836 consue-

72 881 214 945 tudines
235 893 273 944 et
293 865 413 944 statuta
431 895 530 944 vacua
550 893 583 944 et
601 880 692 943 nulla
709 881 824 944 sintin
841 891 1051 968 perpetuum.

118 1025 151 1088 5.
180 1022 393 1090 Remisimus
416 1024 519 1087 eciam
539 1023 711 1087 Humfrido
730 1022 771 1086 de
791 1025 894 1088 Bown
915 1020 1028 1086 comiti
1050 1020 1204 1086 Herefor·

76 1125 129 1189 die
150 1139 186 1190 et
210 1126 370 1203 Essene,
393 1124 638 1189 constabulario
655 1124 793 1215 Anglie,
812 1127 945 1214 Rogero
967 1111 1079 1212 Bygot
1091 1121 1204 1187 comiti

74 1227 280 1305 Norll'oloie,
302 1228 494 1292 marescallo
510 1227 641 1317 hughe,
660 1241 692 1292 et
710 1227 782 1291 aliis
797 1228 987 1305 comitibuS‚
1007 1224 1201 1304 baronibus,

76 1329 267 1408 militibus,
287 1331 476 1419 armigeris,
498 1329 639 1393 Johanni
660 1329 702 1393 de
722 1327 882 1394 Ferrariis
901 1353 938 1392 ac
956 1328 1110 1392 omnibus
1131 1326 1203 1391 aliis

77 1431 117 1494 de
140 1456 265 1496 eorum
291 1432 466 1509 societate,
486 1431 760 1496 confederacione
781 1445 814 1496 et
832 1430 1009 1495 concordia
1031 1428 1204 1494 existenti-

77 1534 156 1612 buS‚
183 1557 324 1598 necnon
347 1534 501 1598 omnibus
525 1533 641 1623 viginti
669 1534 806 1598 libratas
831 1547 919 1597 terre
949 1534 1142 1597 tenentibus
1169 1531 1204 1596 in

78 1659 185 1726 regno
214 1649 353 1714 nostro,
379 1635 445 1700 sive
474 1635 514 1700 de
539 1635 637 1700 nobis
662 1635 695 1700 in
721 1637 845 1725 capite,
870 1636 938 1700 sive
967 1635 1008 1700 de
1031 1635 1095 1700 alio
1120 1657 1204 1722 quo-

80 1761 215 1826 cunque
232 1738 293 1828 qui
310 1739 350 1802 ad
366 1738 647 1803 transfretandum
666 1737 839 1802 nobiseum
855 1739 889 1802 in
908 1736 1097 1802 Flandriam
1113 1749 1204 1801 certo

79 1839 133 1902 die
154 1854 278 1906 notato
301 1842 407 1906 vocati
430 1841 563 1904 fuerunt
587 1855 619 1904 et
644 1865 710 1904 non
731 1853 910 1920 venerunt,
933 1863 1105 1904 rancorem
1124 1863 1204 1902 nos-

80 1954 168 2006 trum
198 1957 233 2007 et
260 1943 379 2006 malam
405 1943 605 2007 voluntatem
628 1967 726 2032 quam
749 1967 789 2007 ex
810 1944 918 2007 causis
942 1941 1103 2031 predictis
1125 1965 1203 2030 erga

83 2066 137 2106 eos
155 2045 361 2124 habuimus3
384 2058 417 2109 et
437 2044 540 2108 eciam
561 2045 863 2134 transgressioneS,
885 2045 911 2108 si
931 2067 1012 2132 quas
1034 2042 1132 2108 nobis
1151 2043 1203 2108 vel

46 2173 48 2178 ’
84 2148 210 2212 nostris
231 2146 375 2212 fecerint
392 2171 496 2235 usque
517 2147 557 2210 ad
576 2145 742 2234 presentis
764 2159 852 2210 carte
876 2145 1133 2212 consencionem.

127 2287 159 2351 6.
189 2292 233 2353 Et
267 2288 308 2352 ad
337 2291 491 2375 majorem
520 2289 618 2374 hujus
647 2287 695 2352 rei
727 2289 954 2366 securitatem,
985 2288 1134 2352 volumus
1171 2297 1205 2351 et

83 2391 303 2455 concedimus
329 2415 389 2478 pro
417 2391 514 2455 nobis
547 2402 579 2454 et
612 2390 792 2454 heredibus
821 2391 945 2454 nostris
974 2390 1062 2478 quod
1087 2413 1203 2453 omnes

85 2492 334 2582 archiepiscopi
369 2505 402 2557 et
432 2493 584 2580 episcopi
614 2492 733 2582 Anglie
767 2493 800 2556 in
837 2505 1034 2581 perpetuum
1066 2491 1100 2555 in
1135 2490 1203 2555 suis

86 2595 337 2659 cathedralibus
371 2595 539 2674 ecclesiiS,
575 2595 688 2659 habita
724 2595 872 2683 presenti
909 2608 997 2659 carta
1033 2608 1066 2659 et
1098 2595 1201 2673 lecta,

87 2698 380 2762 excommunicent
399 2697 549 2787 publice,
570 2711 603 2762 et
621 2698 656 2762 in
676 2699 817 2788 singulis
834 2698 1083 2786 parochialibus
1099 2697 1202 2762 eccle·

85 2797 140 2860 siis
165 2824 303 2863 suarum
326 2799 493 2864 diocesum
516 2802 802 2864 excommunicare
823 2825 880 2866 seu
901 2799 1201 2864 excommunicatos
1285 2821 1289 2829 ·

85 2893 290 2966 denunciare
310 2902 431 2966 faciant
452 2904 503 2966 bis
528 2905 561 2966 in
585 2928 670 2966 anno
694 2905 889 2991 omnesqui
914 2915 1028 2967 contra
1051 2915 1202 2966 tenorem

86 3007 253 3086 presentis
288 3018 377 3069 carte
412 3006 476 3069 vim
512 3019 545 3069 et
577 3003 731 3070 affectum
763 3007 797 3068 in
832 3029 1031 3094 quocunque
1062 3004 1202 3069 articulo

88 3105 232 3172 scienter
252 3107 393 3172 fecerint
413 3120 468 3172 aut
487 3109 559 3172 lieri
578 3107 829 3197 procuraverint
846 3107 1094 3196 quoquomodo.

131 3247 161 3311 7.
189 3253 225 3314 ln
250 3253 344 3336 cujus
366 3251 412 3315 rei
432 3253 661 3316 testimonium
678 3253 827 3340 presenti
848 3263 937 3317 carte
957 3250 1103 3341 sigillum
1125 3275 1203 3314 nos-

88 3358 173 3414 trum
202 3367 255 3417 est
289 3377 472 3440 appensum
504 3379 565 3418 una
601 3379 674 3418 cum
709 3354 827 3444 sigillis
857 3353 1200 3442 archiepiscoporum,

90 3452 336 3542 episcoporum,
372 3456 547 3534 comitum,
581 3456 741 3520 baronum
768 3469 801 3520 et
833 3456 970 3520 aliorum
999 3453 1055 3542 qui
1084 3466 1203 3541 sponte

87 3551 281 3634 juraverunt
305 3557 394 3645 qnod
419 3573 569 3624 tenorem
595 3560 760 3646 presentis
783 3572 889 3636 carte,
912 3571 1072 3646 quatenus
1099 3555 1202 3619 ineis

91 3666 154 3732 est,
176 3658 212 3722 in
230 3659 385 3724 omnibns
404 3675 437 3726 et
457 3660 600 3751 singulis
619 3660 765 3725 articulis
784 3661 1008 3724 observabunt
1022 3671 1055 3722 et
1073 3658 1112 3722 ad
1131 3659 1202 3744 ejus

90 3753 357 3826 observacionern
374 3765 549 3830 consilium
563 3787 657 3827 suum
673 3777 705 3827 et
721 3761 877 3827 auxilium
894 3762 990 3826 fidele
1006 3761 1203 3848 prestabunt

92 3851 124 3917 in
141 3876 351 3951 perpetuum.
