2796 4854
345 351 384 399 vt.
403 379 434 392 -
451 351 560 400 BULLE
578 349 623 400 DU
641 349 723 399 PAPE
740 347 907 398 lNNOCENT
928 349 964 398 lll
1181 350 1210 398 41

190 857 260 928 Vl.
290 893 341 908 --
366 855 519 928 BULLE
548 855 614 928 DU
643 853 763 926 ΡΑΡΕ
792 853 1037 928 INNOCENT
1065 855 1113 926 lll

368 1029 551 1076 ANNULAN'P
577 1029 620 1075 LA
646 1029 783 1076 Gauron
811 1029 942 1076 cuturn

527 1179 576 1261 (24
590 1183 662 1242 aout
679 1180 777 1262 1215.)

124 1505 219 1564 Cette
240 1501 358 1562 bullea
378 1504 425 1562 ete
443 1515 574 1562 souvent
593 1501 731 1582 publiee5
754 1521 794 1561 on
813 1502 842 1560 la
861 1515 968 1563 trouve
988 1505 1064 1562 dans
1085 1504 1211 1584 Rymer,

84 1600 162 1656 dans
183 1596 337 1667 Dumont‚
359 1598 435 1656 dans
455 1595 483 1654 le
504 1600 673 1654 Bullartum
692 1617 857 1654 romanum.
876 1596 943 1654 Elle
961 1607 1009 1656 est
1027 1599 1117 1656 notee
1136 1599 1213 1657 dans

85 1691 130 1750 les
168 1697 303 1770 Regesta
339 1691 376 1748 de
413 1687 557 1748 Potthast
589 1709 626 1748 au
661 1697 693 1747 n⁰
727 1690 816 1749 4990.
853 1689 939 1750 Nous
974 1710 1013 1748 en
1048 1689 1213 1769 reprodui·

86 1804 161 1843 sons
175 1783 206 1842 le
219 1794 304 1842 texte
320 1783 442 1861 d'apres
456 1781 613 1862 l’original
627 1781 720 1841 scelle'
732 1781 784 1862 qui
800 1794 847 1842 est
860 1784 936 1842 dans
952 1782 980 1841 la
995 1781 1213 1864 Bibliothcque

86 1876 290 1937 cotronienne
306 1875 470 1954 Cleopatra
485 1875 521 1935 E.
539 1878 565 1935 1.
585 1868 741 1954 (entre‘les
756 1875 807 1934 sol.
822 1879 877 1936 151
895 1887 924 1935 et
940 1877 1007 1948 153,
1023 1875 1075 1956 qui
1092 1889 1163 1935 sont
1175 1897 1213 1936 en

86 1968 225 2050 papier.)

552 2081 757 2094 *a

133 2233 357 2301 Innocentius
382 2233 579 2324 episcopus,
606 2258 720 2300 servus
745 2258 915 2300 servorum
940 2236 1014 2300 Dei.
1043 2233 1213 2302 Universis

89 2338 222 2403 Christi
237 2335 393 2402 fidelibus
411 2337 497 2401 hanc
515 2337 670 2427 paginam
686 2339 900 2426 inspecturis
919 2338 1058 2402 salutem
1074 2350 1107 2402 et
1121 2363 1213 2427 apos-

88 2441 228 2506 tolicam
243 2439 525 2504 benedictionem.
545 2439 615 2505 Etsi
629 2441 823 2505 karissimus
836 2439 871 2504 in
888 2441 1022 2505 Christo
1036 2439 1124 2505 filius
1135 2464 1214 2506 nos-

89 2555 141 2608 ter
172 2544 358 2620 lohannes,
385 2566 443 2606 rex
468 2541 651 2632 Anglorum
677 2543 829 2621 illustris,
856 2545 962 2608 Deum
986 2555 1019 2607 et
1041 2542 1214 2607 eeclesiam

88 2647 311 2710 vehementer
334 2643 529 2723 offenderit,
560 2644 648 2709 unde
673 2668 734 2710 nos
761 2669 837 2710 eum
862 2643 1213 2711 excommunicationis

89 2745 228 2812 vinculo
241 2745 474 2810 innodavimus
488 2759 521 2810 et
535 2770 674 2836 regnum
686 2750 756 2835 ejus
768 2745 995 2812 ecclesiastico
1010 2747 1213 2834 subjecimus

91 2847 292 2928 interdicto,
318 2848 391 2937 ipse
418 2861 546 2927 tamen,
579 2849 636 2913 illo
661 2847 923 2914 misericorditer
949 2849 1133 2937 inspirante
1157 2846 1213 2938 qui

92 2975 160 3016 non
186 2951 258 3016 vult
279 2963 418 3016 mortem
445 2950 645 3041 peccatoris,
672 2951 731 3016 scd
756 2964 793 3016 ut
820 2963 1031 3017 convertatur
1056 2963 1089 3015 et
1114 2951 1211 3030 vivat,

92 3053 231 3120 tandem
249 3076 400 3118 reversus
419 3053 460 3118 ad
478 3077 546 3133 cor,
565 3056 635 3119 Deo
656 3067 688 3119 et
706 3052 847 3119 ecclesie
865 3053 1035 3119 humiliter
1055 3051 1214 3119 satisfecit

91 3155 126 3220 in
145 3167 276 3222 tantum
294 3155 384 3244 quod
403 3180 471 3221 non
493 3156 598 3220 solum
622 3155 965 3246 recompensationem
982 3181 1044 3245 pro
1061 3154 1214 3244 dampnis

93 3271 126 3324 et
142 3258 389 3324 restitutionem
407 3259 558 3323 exhibuit
578 3258 619 3323 de
635 3257 768 3338 ablatis,
784 3283 898 3323 verum
915 3257 1014 3323 etiam
1032 3257 1214 3346 plenariam

93 3360 286 3426 libertatem
315 3361 458 3425 contulit
480 3361 619 3425 ecclesie
646 3341 841 3451 an'glicane3
869 3360 1051 3449 quinimmo
1076 3374 1214 3449 utraque

95 3462 261 3529 sententia
283 3463 427 3550 relaxata
450 3487 589 3554 regnum
609 3487 704 3527 suum
723 3475 790 3527 tam
811 3463 932 3552 Anglic
952 3487 1050 3553 quam
1069 3459 1215 3528 Ybernie
1281 3543 1284 3548 Ι

94 3565 193 3630 beato
214 3566 314 3629 Petro
335 3576 368 3627 et
387 3563 528 3629 ecclesie
549 3587 683 3629 romane
703 3562 886 3644 concessit,
910 3561 1075 3652 recipiens
1094 3561 1177 3627 illud
1197 3585 1214 3627 a

95 3665 195 3731 nobis
212 3666 247 3730 in
265 3665 400 3730 lendum
412 3665 473 3730 sub
489 3689 599 3731 annuo
614 3689 716 3730 censu
730 3657 819 3731 mille
832 3689 1026 3744 marcarum,
1045 3663 1215 3729 fidelitatis

95 3768 195 3834 nobis
222 3767 301 3832 inde
333 3769 474 3856 prestito
491 3771 692 3857 juramento,
720 3767 808 3833 sicut
831 3768 1121 3858 per‘privilegium
1145 3768 1215 3854 ejus

96 3882 237 3961 apparet
263 3893 361 3935 aurea
391 3869 480 3936 bulla
510 3872 681 3936 munitam.
711 3871 830 3936 Adhuc
858 3883 967 3935 autem
994 3867 1215 3959 omnipotenti

92 3975 167 4038 'Deo
179 3971 322 4061 amplius
338 3973 470 4061 placere
488 3973 694 4053 desiderans,
713 3975 844 4066 signum
856 3972 983 4038 vivifice
999 3973 1106 4038 crucis
1123 3996 1215 4039 reve·

97 4089 211 4141 renter
233 4075 423 4165 assumpsit,
446 4078 656 4166 prolecturus
676 4077 710 4142 in
731 4075 916 4141 subsidium
937 4089 1026 4140 terre
1045 4087 1156 4139 sancte
1175 4073 1216 4138 ad

98 4178 189 4270 quod
205 4201 241 4244 se
257 4177 432 4268 magnifice
448 4180 659 4271 preparabat.
678 4179 745 4246 Sed
762 4178 896 4246 humani
910 4178 1043 4270 generis
1060 4175 1215 4244 inimicus
