2796 4854
161 314 191 360 aa
419 310 568 360 unsaros
585 311 647 360 uss
664 295 825 360 arsanias
843 307 1023 359 ructamus

163 425 332 518 gationem
359 425 409 491 sui
436 428 504 514 juis
527 425 654 516 pariter
681 440 715 492 et
741 427 891 492 honoris.
920 426 1004 510 Quia
1030 449 1110 491 vero
1138 427 1241 490 nobis
1276 450 1294 490 a

97 597 102 604 ,
163 529 306 596 Domino
321 529 446 595 dictum
465 542 516 595 est
536 528 570 594 in
586 530 765 619 propheta¹
785 555 791 594 :
810 528 968 594 constitui
987 541 1019 594 te
1038 553 1141 618 super
1163 541 1291 618 gentes

164 645 198 698 et
226 657 328 722 regna
356 645 392 698 ut
422 632 542 700 evellas
574 643 608 698 et
632 631 784 698 destruas
811 645 845 697 et
876 631 1035 697 hedifices
1065 644 1099 696 et
1128 631 1290 720 plantes;

164 734 310 825 itemque
327 759 388 824 per
405 734 504 801 alium
526 761 532 800 ι
552 735 696 800 dissolve
714 733 961 825 colligationem
978 733 1174 822 impietatis,
1196 733 1292 797 solve

166 837 341 902 fasciculos
357 837 597 926 deprimentes,
615 861 675 902 nos
691 850 783 902 tante
797 837 1012 926 malignitatis
1029 835 1203 900 audaciam
1217 835 1292 899 dis·

167 937 322 1004 simulare
344 937 509 1020 nolentes,
532 937 565 1004 in
591 938 772 1028 apostolice
793 938 882 1004 sedis
903 949 1142 1027 contemptum,
1164 936 1291 1026 regalis

163 1039 248 1130 juris
283 1039 508 1130 dispendium,
543 1042 718 1132 anglicane
745 1041 855 1132 gentis
885 1040 1102 1130 opprobrium
1127 1051 1160 1104 et
1185 1027 1290 1129 grave

166 1142 351 1232 periculum
375 1145 481 1209 tocius
507 1144 635 1234 negotii
661 1143 809 1210 crucifixi
836 1142 925 1232 quod
948 1141 1062 1231 utique
1081 1141 1289 1219 immineret,

168 1244 234 1312 nisi
258 1269 318 1334 per
340 1244 571 1312 auctoritatem
592 1260 739 1312 nostram
764 1258 998 1312 revocarentur
1020 1245 1157 1310 omnino
1179 1267 1247 1331 que
1274 1268 1291 1306 a

105 1340 130 1396 ἦ
167 1359 260 1413 tanto
278 1346 430 1436 principe
450 1347 683 1439 crucesignato
701 1348 813 1414 taliter
833 1360 912 1413 sunt
929 1358 1069 1427 extorta,
1093 1348 1191 1411 etiam
1213 1345 1292 1434 ipso

167 1449 298 1515 volente
316 1450 372 1515 illa
390 1451 524 1530 servari,
544 1475 585 1516 ex
603 1464 697 1540 parte
715 1452 776 1516 Dei
796 1448 1035 1539 omnipotentis
1055 1449 1158 1539 patris
1176 1461 1210 1512 et
1228 1445 1290 1511 filii

169 1564 202 1617 et
233 1551 378 1641 Spiritus
406 1554 525 1634 sancti,
553 1555 749 1620 auctoritate
776 1577 909 1644 quoque
938 1553 1111 1618 beatorum
1134 1551 1227 1617 Petri
1256 1563 1293 1614 et

171 1654 265 1720 Pauli
285 1655 509 1743 apostolorum
526 1657 597 1744 ejus
615 1681 652 1722 ac
668 1669 793 1735 nostra,
811 1656 852 1720 de
871 1655 1039 1720 communi
1053 1654 1191 1720 fratrum
1209 1677 1292 1717 nos-

169 1770 297 1822 trorum
336 1756 493 1836 consilio,
526 1760 802 1848 compositionem
839 1758 1027 1845 hujusmodi
1070 1757 1292 1844 reprobamus

170 1858 303 1948 penitus
334 1871 367 1923 et
397 1851 635 1950 dampnamus,
667 1862 729 1926 sub
762 1859 1033 1924 interminatione
1069 1858 1292 1922 anathematis

170 1960 388 2050 prohibentes
417 1986 457 2028 ne
486 1962 595 2028 dictus
623 1964 695 2030 Rex
723 1985 795 2028 eam
823 1965 999 2028 observare
1024 1972 1204 2049 presumat,
1234 1972 1293 2024 aut

171 2064 313 2128 barones
334 2088 408 2129 cum
430 2064 650 2154 complicibus
667 2065 735 2130 suis
751 2065 856 2154 ipsam
874 2065 1008 2155 exigant
1022 2063 1202 2143 observari,
1222 2075 1293 2126 tam

172 2177 294 2230 cartam
311 2189 409 2254 quam
424 2166 645 2258 obligationes
657 2193 713 2233 seu
731 2167 900 2233 cautiones
915 2190 1121 2256 quecumque
1139 2188 1200 2253 pro
1216 2165 1291 2253 ipsa

172 2267 224 2332 vel
253 2267 294 2332 de
325 2267 396 2357 ipsa
421 2283 498 2336 sunt
522 2271 619 2350 lacte,
646 2269 815 2336 irritantes
841 2268 975 2359 penitus
1002 2281 1034 2334 et
1058 2280 1227 2333 cassantes
1255 2281 1294 2332 ut

174 2370 266 2434 uullo
292 2395 436 2460 unquam
463 2385 615 2463 tempore
640 2374 783 2463 aliquam
806 2374 951 2438 habeant
971 2370 1171 2436 firmitatem.
1198 2371 1294 2436 Nulli

173 2495 253 2563 ergo
274 2473 445 2570 hominum
466 2474 564 2540 liceat
582 2477 667 2541 hauc
688 2477 843 2566 paginam
866 2473 1063 2540 cassationis
1086 2486 1119 2538 et
1138 2472 1293 2560 prohibi·

175 2575 276 2639 tionis
301 2574 499 2666 infringere,
524 2579 576 2642 vel
598 2579 628 2644 ei
649 2603 730 2643 ausu
747 2579 924 2643 temerario
945 2577 1121 2642 contraire.
1151 2575 1186 2641 Si
1217 2576 1294 2664 quis

175 2695 283 2768 autem
308 2685 371 2749 hoc
397 2697 594 2773 attemptare
614 2687 869 2775 presumpserit,
895 2682 1158 2775 indignationem
1183 2683 1295 2748 omni-

175 2786 322 2874 potentis
342 2788 404 2853 Dei
419 2801 453 2853 et
471 2787 643 2852 beatorum
661 2789 751 2854 Petri
767 2800 800 2853 et
815 2787 909 2854 Pauli
923 2787 1150 2876 apostolorum
1168 2788 1240 2874 ejus
1258 2811 1294 2851 se

177 2890 305 2954 noverit
336 2891 559 2956 incursurum.
589 2893 710 2956 Datum
738 2890 888 2980 Anagnie
917 2893 988 2978 vuij
1015 2889 1081 2953 kal.
1109 2892 1293 2978 septembr.

177 2992 391 3080 pontificatus
407 2994 513 3058 nostri
531 3017 618 3058 anno
633 2993 891 3058 octavodecimo.

209 3217 231 3264 1.
251 3217 285 3265 Ge
300 3217 427 3325 plropbtte
442 3222 481 3264 est
495 3217 615 3290 ieremias,
630 3219 649 3275 Ι,
663 3219 732 3274 9-10,
749 3217 813 3265 dont
827 3219 850 3264 le
867 3233 982 3290 passage
1000 3219 1161 3292 toutuentier
1175 3225 1214 3268 est
1228 3220 1297 3268 ainsi

177 3296 260 3339 conpu
279 3294 283 3325 :
325 3285 335 3326 t
350 3279 416 3326 dixit
433 3280 559 3328 Dominus
577 3281 610 3328 ad
627 3296 668 3327 me
687 3296 692 3328 :
711 3297 724 3327 a
743 3295 801 3328 ecee
818 3280 878 3328 dedi
893 3279 973 3328 verba
990 3296 1048 3328 mea
1063 3297 1092 3330 m
1109 3299 1155 3332 ore
1171 3289 1224 3340 tuo,
1240 3299 1297 3331 ecco

177 3341 300 3388 constitui
315 3347 339 3388 te
351 3357 430 3404 super
440 3348 530 3404 gentes
541 3349 566 3390 et
576 3359 656 3406 super
667 3359 748 3406 regna
760 3349 789 3389 ut
800 3343 911 3399 evellas,
923 3349 953 3389 ut
966 3342 1101 3403 destruas,
1116 3353 1142 3396 et
1151 3345 1296 3410 disperdas,

178 3409 204 3451 et
218 3403 346 3511 dissipes,
359 3409 385 3450 at
397 3404 522 3460 redifices,
537 3411 562 3452 et
573 3405 686 3469 plantes.
706 3421 717 3452 u
735 3433 767 3442 -
786 3405 888 3453 L'autre
904 3405 1035 3468 prophete
1052 3415 1095 3456 est
1112 3409 1193 3466 laute,
1211 3411 1248 3466 58,
1261 3411 1275 3456 6
1290 3425 1296 3456 ε

179 3482 191 3511 ((
208 3465 284 3512 Disso
297 3480 326 3511 ve
339 3465 521 3528 colligationes
533 3467 686 3530 impietatis,
699 3468 771 3516 solva
785 3467 923 3514 fasciculos
937 3467 1129 3531 deprimentes,
1144 3473 1244 3521 dimitte
1256 3489 1298 3520 eos

177 3528 222 3590 qui
235 3527 360 3575 contracti
373 3534 434 3577 sunt
446 3529 552 3587 liberos,
564 3536 590 3578 et
602 3545 677 3578 omne
690 3546 755 3584 onus
768 3529 896 3593 dirumpe.
912 3544 924 3576 u
