2832 4868
174 314 190 360 0
433 312 582 362 CHARTL'S
597 313 658 362 DES
676 299 836 364 LIBERTLS
853 311 1032 362 tuotttsus

177 431 263 493 bene
277 427 463 492 instruant¹
481 429 521 494 ad
538 427 707 494 servitium
724 453 831 494 meum
849 429 935 493 etad
954 428 1190 494 defensionem
1208 435 1314 522 regui

179 555 256 596 mer.

222 673 275 738 12.
302 675 422 740 Pacem
453 677 579 740 firmam
608 676 642 740 in
672 687 743 740 toto
772 698 875 764 regno
903 699 975 738 meo
1004 698 1091 762 pono
1120 687 1157 738 et
1193 674 1310 738 teneri

180 775 299 839 amodo
318 775 468 864 precipio
482 777 506 840 ².

223 915 275 980 13.
302 919 424 1006 Lagam
444 916 612 982 Eduuardi
632 917 719 1006 regis
735 917 828 981 vobis
845 917 949 982 reddo
966 940 1039 980 curn
1057 915 1124 980 illis
1145 915 1309 980 emenda·

176 1017 324 1082 tionibus
345 1019 466 1106 quibus
486 1031 580 1107 pater
601 1043 693 1082 meus
714 1043 786 1082 eam
806 1018 1015 1084 emendavit³
1037 1017 1182 1082 consilio
1202 1019 1309 1082 baro-

127 1183 135 1187 .
178 1143 257 1183 num
279 1145 428 1184 suorum.

228 1262 281 1326 14.
310 1263 346 1327 Si
363 1263 437 1351 quis
462 1262 588 1350 aliquid
604 1263 646 1326 de
667 1263 767 1327 rebus
784 1262 888 1328 meis⁴
905 1263 956 1326 vel
972 1263 1013 1327 dc
1033 1263 1135 1326 rebus
1159 1261 1308 1349 alicujus

179 1376 255 1451 post
281 1365 408 1428 obitum
432 1363 593 1432 willelmi
622 1365 710 1453 regis
734 1363 843 1428 fratris
868 1363 933 1428 mei
954 1365 1073 1452 cepitt,
1101 1375 1209 1427 totum
1235 1365 1307 1428 cito

177 1471 249 1534 sine
264 1469 496 1534 emendatione
513 1470 710 1548 reddatur⁶;
730 1469 804 1535 etsi
821 1469 895 1558 quis
914 1465 992 1534 inde
1008 1468 1135 1558 aliquid
1155 1469 1307 1534 retinue-

178 1571 237 1648 rit,
260 1571 315 1636 ille
337 1595 437 1660 super
461 1596 558 1660 quem
581 1571 752 1636 inventum
774 1571 873 1648 suerit
894 1572 994 1636 michi
1016 1572 1162 1661 graviter
1185 1595 1307 1635 emen-

179 1672 281 1738 dabit.

186 1839 187 1842 ,
223 1779 402 1844 Testibus⁷
421 1778 581 1844 Mauricio
598 1779 770 1844 Lundonie
786 1779 957 1869 episcopo,
974 1791 1006 1844 et
1026 1779 1198 1844 Gundulfo
1215 1781 1307 1868 epis-

179 1904 280 1968 copo,
306 1892 339 1944 et
364 1880 534 1950 Willelmo
556 1881 663 1945 electo
684 1883 860 1970 episcopo,
884 1894 917 1945 et
937 1881 1080 1946 Henrico
1104 1881 1244 1959 comite,
1273 1895 1307 1946 et

180 1980 315 2047 Simone
332 1982 465 2060 comite,
488 1994 522 2046 et
538 1984 687 2052 Waltero
707 1982 875 2061 Giffardo,
898 1995 931 2046 et
952 1981 1122 2048 Rodberto
1143 1982 1184 2046 de
1204 1985 1307 2046 Mon-

179 2083 258 2160 iort,
281 2097 314 2148 et
334 2086 467 2173 Rogero
485 2086 623 2175 Bigoto,
644 2098 678 2149 et
697 2085 839 2149 Hemioo
858 2085 899 2148 de
921 2085 1039 2162 Portu,
1060 2083 1148 2171 apud
1167 2083 1306 2148 Londo-

179 2185 284 2265 ninm,
305 2185 439 2275 quando
458 2186 503 2251 sui
522 2201 712 2252 coronatus.

253 2392 280 2439 L.
294 2393 322 2440 R.
335 2392 421 2454 ajoute
434 2408 438 2440 ς
455 2397 481 2440 ut
491 2393 547 2456 apti
559 2399 583 2441 ct
593 2393 685 2456 parati
694 2391 753 2440 sint.

250 2453 368 2502 L’orticle
382 2456 409 2502 12
423 2469 533 2518 meoque
547 2456 611 2502 dans
625 2456 651 2502 L.
667 2455 695 2502 R.

256 2515 283 2562 L.
297 2517 325 2562 R.
341 2515 427 2578 ajoute
440 2531 445 2563 :
459 2533 523 2564 cunr.

253 2577 280 2624 L.
297 2578 326 2625 R.
340 2595 356 2626 a
370 2595 375 2625 ι
389 2577 421 2625 dc
432 2594 496 2634 meo,
508 2594 540 2624 nu
554 2578 606 2626 lieu
619 2577 650 2626 de
664 2579 696 2625 de
710 2577 785 2626 rebus
798 2579 869 2626 meis.

275 2677 280 2686 .
294 2641 323 2686 R.
337 2640 440 2687 donne:
458 2640 559 2702 ceperit.

211 2392 233 2438 1.

210 2455 233 2499 2.

212 2517 235 2561 3.

210 2579 234 2623 4.

211 2643 234 2685 5.

211 2704 234 2747 6.

253 2701 321 2747 Dnns
335 2703 360 2749 1..
372 2703 403 2750 R.
417 2718 450 2749 on
462 2702 495 2748 lit
508 2719 513 2749 :
528 2703 621 2749 reddat
633 2702 687 2748 sine
700 2701 889 2750 emendacione.

211 2763 233 2807 7.
255 2764 280 2809 L.
295 2764 324 2820 R,
343 2765 454 2811 termine
471 2765 556 2812 ainsi:
575 2765 651 2812 Teste
668 2764 794 2811 Mauricio
807 2763 974 2813 Londiniensi
987 2762 1111 2826 episcopo
1129 2769 1154 2810 et
1171 2763 1306 2811 Willclmo

181 2825 261 2871 electo
280 2825 450 2873 wintoniensi
464 2827 596 2891 episcopo,
615 2833 640 2874 ct
655 2825 771 2874 Gerardo
789 2825 982 2873 Herefordiensi
997 2825 1130 2932 0P5⁸COXQ
1150 2831 1175 2872 et
1192 2825 1306 2873 Henrico

180 2885 282 2944 comite,
304 2892 328 2933 et
345 2889 459 2950 Symone
478 2889 582 2945 comite,
599 2893 624 2935 ct
645 2889 757 2936 Waltero
774 2889 891 2943 Gitardo,
910 2895 935 2934 et
950 2887 1062 2934 Robcrto
1101 2903 1114 2934 e
1130 2887 1264 2942 Munford,
1281 2895 1305 2935 et

180 2949 217 2996 Ro
238 2965 282 2996 ero
300 2949 409 3011 Bigodo,
429 2957 454 2998 et
472 2950 578 2998 Eudone
598 2949 725 3011 dapifero,
745 2957 770 2998 et
787 2951 901 2998 Roberto
918 2949 972 2996 filio
990 2948 1130 3006 Hamonis,
1147 2956 1174 2996 ct
1190 2949 1305 2997 Roherto

180 2965 267 3068 Maiet,
278 3011 348 3074 apud
359 3012 627 3072 Wcstmonasterium,
642 3014 746 3074 quando
759 3019 898 3060 coronatus
913 3011 958 3058 fui.

581 3195 666 3229 NOTES
682 3195 908 3238 BIOGRAPHIQUES·

213 3296 260 3341 Les
284 3311 359 3342 noms
379 3296 424 3342 des
444 3295 555 3342 temoins
577 3295 641 3342 cites
661 3299 676 3341 t
696 3296 722 3343 ln
742 3295 777 3342 fin
796 3295 827 3342 de
847 3296 873 3343 ln
890 3295 979 3342 charte
996 3294 1027 3342 de
1045 3295 1123 3342 Henri
1146 3297 1158 3343 I
1176 3298 1258 3354 (texte
1280 3303 1306 3343 ct

182 3357 329 3418 variantes)
347 3363 461 3419 peuvent
479 3361 533 3403 etre
570 3373 663 3420 resque
676 3363 735 3404 tous
752 3356 881 3404 identifies
901 3357 1022 3412 tl’aide,
1044 3357 1095 3404 soit
1111 3357 1146 3403 du
1160 3356 1304 3422 Registrum

180 3435 282 3464 sacrum
301 3417 470 3481 Anglicanum
491 3419 522 3464 de
540 3373 576 3464 M.
599 3419 696 3465 Stubbs
713 3436 784 3492 ¹pour
803 3420 841 3467 les
861 3419 976 3482 prelats,
999 3418 1049 3466 soit
1067 3418 1103 3465 du
1121 3423 1258 3482 Baronage
1277 3425 1306 3482 ο]

181 3479 302 3527 Εησίαιιᾶ
314 3481 345 3526 de
364 3481 401 3527 W.
417 3481 534 3542 Dugdsle
549 3497 616 3551 pour
634 3481 672 3526 les
686 3497 820 3543 sergneurs
836 3482 871 3528 la'r'
891 3497 949 3538 ues,
967 3481 1018 3526 soit
1034 3482 1102 3527 enfin
1118 3480 1150 3528 de
1169 3481 1304 3544 l'ouvrage

182 3516 283 3589 d'M-A.
297 3543 422 3589 F-rcemim
437 3558 443 3588 ι
458 3543 508 3588 The
519 3558 591 3604 reign
604 3543 632 3604 ⁰i
644 3542 753 3589 Wiltiam
765 3544 855 3606 Rufus,
870 3497 934 3589 iont
945 3543 971 3588 ln
982 3543 1052 3589 tnble
1067 3542 1166 3590 facilite
1178 3544 1303 3607 l'emploi.

182 3605 251 3651 Nous
264 3603 370 3650 suivons
383 3605 415 3650 ici
427 3604 522 3650 l'ordre
534 3608 616 3652 meme
629 3608 662 3650 ou
673 3621 715 3651 ces
728 3621 802 3652 noms
815 3613 873 3652 sont
887 3605 976 3667 places
987 3605 1052 3650 dans
1064 3605 1087 3651 le
1100 3611 1168 3652 texte
1181 3621 1186 3652 :

211 3666 339 3722 Maurice,
353 3669 449 3728 oreque
465 3667 496 3712 de
512 3666 626 3712 Londres
640 3666 809 3730 (108a1107);
823 3668 886 3714 c'est
898 3666 948 3722 lui,
958 3683 989 3713 en
1002 3667 1132 3714 l'absence
1146 3667 1177 3714 de
1191 3667 1304 3714 Farchc-

181 3731 262 3789 vique
285 3728 316 3774 de
336 3729 498 3791 Cantorbery
524 3727 608 3790 (saint
630 3729 776 3793 Anselme),
800 3730 878 3785 exile,
904 3729 979 3776 etde
1003 3728 1186 3792 l'nrchertque
1210 3730 1305 3777 d'York
1400 3725 1401 3730 ¹

183 3789 295 3846 malade,
307 3790 351 3852 qui
365 3806 497 3838 couronna
509 3790 588 3836 Henri
602 3790 621 3836 1.

214 3850 341 3908 Gonduli‚
358 3855 454 3915 cneque
467 3853 498 3900 de
511 3853 653 3898 Rocbester
667 3852 840 3915 (1077-1108);
860 3869 888 3899 ss
903 3851 956 3906 vic,
971 3851 1049 3899 ecrite
1065 3867 1161 3914 perun
1175 3853 1263 3902 moine
1274 3855 1304 3902 de

182 3912 330 3970 Rochester‚
344 3914 553 3976 contemporain,
567 3930 594 3960 se
606 3919 697 3961 trouve
710 3915 775 3960 dans
786 3915 872 3975 Mignc
882 3931 887 3961 ι
899 3913 1003 3962 Patrolo
1021 3911 1043 3960 ie
1057 3913 1145 3972 latine,
1156 3917 1208 3963 vol.
1222 3916 1304 3974 CLIX,

183 3975 231 4021 col.
247 3976 301 4022 813.
319 3976 370 4026 Son
384 3993 537 4023 successeur
550 3977 681 4022 tutRaoul
692 3976 839 4030 d'Escures‚
853 3992 902 4039 que
916 3975 997 4022 suivit
1030 3977 1115 4024 rnoui.

215 4037 363 4085 Guillaume
381 4039 494 4093 Gifford,
516 4041 618 4084 nomme
636 4037 762 4100 (electus),
774 4041 870 4100 evtque
886 4038 917 4084 de
934 4037 1096 4084 Winchester
1115 4054 1164 4100 por
1186 4039 1268 4087 Henri
1284 4043 1303 4098 t,

183 4099 295 4146 aussitot
309 4104 385 4161 apr'es
403 4117 447 4147 sou
463 4100 573 4148 electiori
584 4101 612 4162 (2
624 4106 685 4146 nont
698 4101 772 4162 1100)
786 4107 811 4146 ct
824 4106 902 4147 ovant
915 4116 962 4147 son
973 4107 1176 4148 couronnement
1187 4101 1212 4165 (5
1226 4104 1303 4167 aaut),

184 4160 222 4207 fut
237 4165 360 4210 consacre'
372 4164 515 4212 seulement
528 4179 559 4210 en
570 4163 630 4208 1107
638 4177 643 4218 ;
658 4161 677 4208 il
690 4167 794 4210 mourut
807 4178 838 4210 cn
852 4164 920 4210 1129.
