2796 4854
374 375 441 428 vm.
458 407 490 418 -
506 377 634 429 unsara
652 379 693 428 nu
711 377 750 429 m
768 365 875 430 roatr
1150 381 1179 429 ss

62 495 220 560 omnibus
248 494 376 560 ballivis
401 508 434 560 et
453 496 607 562 fidelibus
631 498 734 578 suis¹,
759 497 911 563 salutem.
932 495 1052 563 Sciatis
1073 497 1177 584 quod,

61 597 184 663 intuitu
203 600 269 664 Dei
282 612 314 662 et
331 622 392 688 pro
408 598 512 664 salute
528 599 636 665 anime
650 613 764 666 nostre
780 614 813 667 et
830 598 1012 665 animarum
1028 611 1178 664 anteces-

62 725 172 764 sorum
199 714 235 764 et
261 725 487 767 successorum
510 715 714 782 nostrorum,
737 703 777 768 ad
798 703 1035 768 exaltacionem
1058 703 1179 768 Sancte

62 802 213 868 Ecclesie
230 816 264 867 et
278 803 547 870 emendacionem
562 805 656 894 regni
674 807 790 886 nostri,
807 805 1052 871 concessimus²
1068 817 1102 869 et
1116 806 1178 870 hac

61 907 210 992 presenti
231 919 320 970 carta
336 906 598 972 confirmavimus
614 930 675 997 pro
694 907 789 972 nobis
807 921 840 972 ct
854 907 1034 972 heredibus
1055 907 1178 972 nostris

62 1005 330 1097 inperpetuum,
354 1008 394 1073 de
415 1009 551 1076 consilio
574 1009 773 1074 venerabilis
797 1011 900 1099 patris
923 1007 1028 1074 nostri
1050 1008 1177 1074 domini

61 1111 225 1176 Gualonis
246 1111 333 1175 tituli
352 1113 458 1176 sancti
477 1111 612 1176 Martini
631 1113 810 1202 presbiteri
831 1110 1010 1176 cardinalis
1028 1122 1063 1175 et
1080 1134 1178 1199 apos-

60 1212 157 1278 tolice
181 1213 274 1278 sedis
297 1214 415 1305 legati,
439 1214 565 1278 domiui
587 1213 726 1282 Walteri
750 1214 969 1279 Eboraeensis
996 1214 1179 1302 archiepis-

61 1316 145 1403 copi,
163 1315 329 1386 Willelmi
347 1315 591 1381 Londoniensis
611 1315 772 1406 episcopi,
792 1329 826 1381 et
846 1317 984 1380 aliorum
1003 1315 1178 1405 episcopo-

63 1441 130 1481 rum
145 1417 284 1508 Anglie,
304 1431 337 1482 et
352 1417 513 1489 Willelmi
526 1418 713 1483 Maresoalli
734 1418 863 1504 comitis
883 1417 1081 1496 Penbrooie,
1104 1441 1178 1482 rec-

61 1521 139 1585 toris
157 1519 267 1585 nostri
286 1534 319 1585 et
337 1521 432 1612 regni
451 1522 572 1600 nostri,
593 1533 625 1585 et
643 1521 782 1585 aliorum
802 1518 950 1584 fidelium
969 1521 1124 1585 comitum
1145 1533 1178 1584 et

61 1622 223 1688 baronum
263 1636 451 1689 nostrorum
484 1622 622 1712 Anglie,
662 1623 722 1688 has
760 1621 931 1687 libertates
971 1621 1177 1711 subscriptas

60 1725 223 1792 tenendas
240 1725 276 1788 in
294 1750 397 1818 regno
416 1739 530 1791 nostro
546 1724 684 1815 Anglie,
703 1724 738 1789 in
756 1738 953 1815 perpetuum
976 1751 982 1788 :

104 1894 134 1958 1.
161 1896 200 1958 In
221 1895 340 1983 primis
354 1919 468 1959 omnes
485 1895 606 1958 foreste
619 1918 700 1982 quas
716 1893 877 1958 Henricus
897 1917 954 1959 rex
970 1917 1047 1959 avus
1063 1906 1177 1959 noster

61 1995 264 2061 afforestavit
285 1997 458 2062 videantur
481 1998 665 2086 perbonos
687 2009 719 2060 et
740 1995 865 2084 legales
885 1994 1053 2076 homines,
1076 2010 1124 2076 et,
1148 1998 1175 2061 si

62 2098 196 2165 boscum
214 2099 360 2187 aliquem
376 2099 475 2164 alium
489 2122 586 2187 quam
605 2122 700 2164 suum
717 2097 919 2163 dominicum
938 2097 1176 2164 afforestaverit

62 2202 99 2264 ad
119 2202 304 2290 dampnum
323 2201 412 2266 illius
435 2203 527 2289 cujus
549 2201 669 2265 boscus
690 2200 806 2280 fuerit,
826 2199 1116 2266 deafforestentur.
1135 2204 1176 2266 Et

62 2301 86 2366 si
106 2303 247 2369 boscum
271 2328 365 2368 suum
387 2303 559 2393 proprium
581 2301 836 2382 afforcstaverit,
855 2316 1021 2367 remaneat
1040 2303 1173 2382 foresta,

63 2405 143 2470 salva
157 2421 336 2471 commune
350 2406 392 2470 de
405 2406 565 2497 herbagio
582 2419 615 2470 et
630 2406 702 2472 aliis
714 2406 748 2502 in
759 2405 873 2472 eadem
887 2406 1021 2485 foresta,
1038 2405 1104 2470 illis
1118 2406 1175 2494 qui

62 2531 129 2572 eam
148 2508 246 2598 prius
261 2509 383 2574 habere
402 2521 656 2574 consueverunt.

102 2677 133 2742 2.
161 2678 344 2744 Homines3
363 2679 419 2766 qui
441 2689 575 2742 manent
594 2690 683 2742 extra
704 2676 859 2742 forestam
884 2701 949 2741 non
969 2678 1102 2741 veniant
1119 2676 1174 2740 de·
1266 2743 1268 2748 ,

63 2792 167 2845 cetero
190 2804 302 2846 coram
322 2780 516 2868 justiciariis
540 2781 661 2844 nostris
686 2780 726 2844 de
754 2779 875 2844 foresta
897 2804 957 2867 per
982 2803 1173 2844 communes

63 2882 357 2963 summonioiones,
380 2883 444 2946 nisi
464 2881 584 2947 sintin
604 2881 744 2970 placito,
766 2882 817 2947 vel
843 2882 944 2970 plegii
965 2879 1102 2970 alicujus
1123 2882 1174 2946 vel

62 2984 245 3075 aliquorum
261 2984 317 3074 qui
335 2984 504 3050 attacbiati
521 2998 597 3050 sunt
614 2998 752 3074 propter
770 2985 938 3050 forestam.

102 3153 132 3219 3.
161 3159 287 3221 Omnes
306 3168 415 3221 autem
430 3154 523 3220 bosci
540 3153 597 3244 qui
617 3153 772 3220 suerunt4
787 3152 967 3219 afforestati
986 3177 1046 3242 per
1061 3176 1173 3243 regem

63 3256 240 3324 Ricardum
270 3258 464 3324 avunculum
492 3271 654 3337 nostrum,
685 3257 735 3321 vel
764 3280 824 3345 per
851 3281 962 3346 regem
990 3257 1172 3320 Johanncm

63 3372 185 3445 patrem
225 3374 376 3426 nostrum
414 3385 519 3448 usque
556 3360 598 3425 ad
632 3358 771 3450 primam
806 3359 1059 3424 coronacionem
1094 3381 1172 3444 nos-

63 3471 153 3544 tram,
172 3464 285 3529 statim
300 3463 590 3542 deafforestentur,
615 3461 678 3527 nisi
700 3462 820 3526 luerit⁵
842 3460 1028 3526 dominicus
1051 3460 1171 3525 boscus

63 3578 183 3630 noster.

91 3799 112 3846 1.
131 3800 191 3846 1225
205 3799 291 3847 a'oute
306 3815 311 3846 τ
321 3805 464 3862 presentem
476 3805 574 3848 cartam
587 3799 744 3864 inspecturis.

91 3861 112 3906 2.
130 3861 200 3910 Dans
218 3817 279 3908 1225
293 3877 298 3908 :
313 3865 458 3924 Spontanea
473 3869 497 3909 et
512 3863 578 3909 bona
592 3865 720 3910 voluntate
735 3867 823 3909 nostra
837 3859 954 3908 dedimus
968 3865 991 3906 et
1004 3858 1171 3906 concessimus

62 3921 264 3988 archiepiscopis,
278 3924 409 3995 episcopis,
421 3925 562 3984 comitibus,
575 3925 713 3973 baronibus
725 3929 749 3972 et
762 3923 877 3971 omnibus
890 3925 921 3970 de
933 3937 1010 3987 regno
1024 3926 1110 3968 nostro
1123 3920 1171 3968 lias

63 3981 188 4054 libertates
200 3986 357 4050 subscriptas
372 3989 496 4034 tenendas
512 3988 538 4035 in
553 4003 631 4053 reguo
648 3992 733 4035 nostro
749 3986 841 4050 Anglie
860 3985 886 4033 in
899 3989 1057 4050 perpetuum.
1072 3986 1101 4030 In
1112 3983 1171 4046 pri-

63 4061 143 4105 mis...,
158 4056 207 4097 etc.

91 4111 112 4156 3.
131 4112 191 4158 1225
207 4111 293 4175 ajoute
308 4128 312 4160 :
328 4129 393 4160 aero.

90 4173 112 4219 4.
130 4173 200 4221 Dans
214 4175 275 4222 1225
289 4190 294 4221 ;
307 4174 411 4238 fuerint.

92 4237 113 4281 5.
131 4236 200 4284 Dans
216 4237 276 4283 1215
291 4253 295 4284 ;
309 4236 351 4284 sit.

112 4325 134 4366 G.
146 4327 242 4368 Biuonr.
252 4347 278 4359 -
289 4327 370 4368 Charus
380 4326 413 4368 des
422 4325 497 4368 libertis
507 4327 612 4381 anglaiser.
