2832 4868
262 319 306 366 IV.
325 346 355 355 -
370 305 527 368 rurlrlou
544 320 605 368 Dus
624 319 753 368 Banous
771 321 790 368 Α
807 319 887 368 ,ΙΕΑΝ
906 320 987 370 SANS
1005 321 1112 370 Tanau
1220 325 1251 374 23

116 437 314 500 liberorum
344 460 494 514 suorum;
526 449 559 498 et
587 461 660 499 cum
690 437 788 500 suerit
818 437 1043 516 emendatum,
1074 438 1251 503 intendant

117 539 262 603 domino
292 539 364 625 regi
392 539 475 600 sieut
505 538 609 625 prius.
639 541 679 602 Et
703 537 903 625 quicumque
927 540 1069 603 voluerit
1094 540 1135 604 de
1162 553 1250 604 terra

115 639 251 726 jurabit
275 663 310 702 se
329 639 369 702 ad
389 640 540 726 predicta
563 640 755 727 exequenda
777 641 961 727 pariturum
987 642 1150 706 mandatis
1172 666 1248 730 pre-

119 741 296 805 dictorum
320 765 405 804 mxv.
433 742 611 819 baronum,
634 754 666 804 et
691 756 902 830 gravaturum
928 767 1041 832 regem
1066 767 1126 832 pro
1151 768 1249 831 posse

119 867 184 910 suo
211 867 289 906 cum
314 841 415 932 ipsis;
446 857 478 906 et
505 867 563 906 rex
591 844 749 930 pubblice
772 857 805 908 et
828 844 932 913 libere
959 845 1052 910 dabit
1079 845 1248 914 licentiam

116 945 262 1032 jurandi
284 943 422 1008 cuilibet
442 944 498 1031 qui
516 948 628 1031 jurare
647 945 799 1024 voluerit,
818 960 850 1009 et
866 945 949 1010 nulli
967 971 1122 1035 umquam
1137 950 1249 1033 jurare

119 1044 333 1135 prohibebit.
364 1048 487 1110 Omnes
509 1058 616 1110 autem
639 1045 715 1110 illos
738 1047 779 1110 de
801 1061 890 1112 terra
911 1050 967 1136 qui
993 1061 1112 1135 sponte
1135 1072 1193 1112 sua
1216 1062 1249 1112 et

122 1173 189 1236 per
209 1173 244 1212 se
266 1147 436 1212 noluerint
450 1153 561 1232 jurare
584 1174 667 1212 .xxv.
688 1149 870 1213 baronibus
895 1151 937 1214 de
960 1150 1193 1240 distringendo
1215 1162 1249 1213 et

120 1254 296 1344 gravando
316 1278 427 1342 regem
448 1278 522 1318 cum
541 1256 600 1332 eis,
619 1279 676 1318 rex
694 1255 791 1318 saciet
804 1259 916 1342 jurare
937 1256 1071 1320 eosdem
1090 1257 1131 1320 de
1152 1279 1245 1319 man-

123 1356 206 1420 dato
220 1380 279 1419 suo
294 1357 381 1420 sicut
391 1357 578 1442 predictum
591 1369 652 1420 est.
668 1359 748 1420 Item
759 1357 786 1420 si
802 1359 921 1445 aliquis
933 1359 974 1422 de
986 1358 1146 1446 predictis
1159 1383 1245 1423 .xxv.

123 1459 311 1522 baronibus
328 1457 523 1536 decesserit,
540 1459 590 1522 vel
607 1484 624 1522 a
641 1472 728 1524 terra
747 1462 937 1537 recesserit,
955 1461 1006 1526 vel
1022 1461 1132 1547 aliquo
1148 1461 1247 1526 modo

123 1560 194 1624 alio
206 1559 388 1646 impeditus
405 1560 502 1623 fuerit
516 1560 692 1650 quom-inus
708 1563 771 1624 ista
791 1561 940 1649 predicta
958 1564 1087 1649 possint
1108 1561 1244 1650 exequi,

123 1663 186 1754 qui
212 1661 336 1725 residui
359 1662 484 1725 suerint
502 1661 542 1724 de
571 1687 655 1726 mxv.
683 1662 807 1752 eligent
832 1663 932 1726 alium
960 1664 1033 1728 loeo
1058 1663 1163 1751 ipsius
1185 1688 1246 1751 pro

124 1763 268 1828 arbitrio
289 1788 366 1843 suo,
390 1765 447 1850 qui
466 1763 566 1828 simili
587 1765 685 1827 modo
705 1765 768 1828 erit
784 1768 913 1850 juratus
935 1790 999 1854 quo
1020 1779 1052 1829 et
1072 1767 1184 1830 ceteri.
1208 1768 1246 1830 In

123 1864 283 1930 omnibus
321 1878 429 1929 autern
464 1889 527 1951 que
560 1867 632 1929 istis
660 1891 744 1930 .xxv.
782 1866 962 1930 baronibus
996 1869 1248 1932 committuntur

123 1967 339 2054 exequenda,
361 1967 387 2029 si
411 1968 495 2030 forte
511 1967 574 2054 ipsi
598 1993 683 2031 mxv.
706 1981 878 2056 presentes
901 1968 1023 2032 fuerint
1043 1981 1075 2034 et
1096 1969 1184 2034 inter
1210 1994 1245 2034 se

124 2094 230 2156 super
246 2093 281 2132 re
296 2070 406 2158 aliqua
420 2069 695 2147 discordaverint,
713 2069 764 2132 vel
780 2069 882 2157 aliqui
895 2095 935 2133 ex
953 2070 1000 2134 eis
1015 2073 1122 2135 vocati
1138 2071 1247 2138 nolint

121 2171 178 2236 vel
208 2184 377 2257 nequeunt
400 2172 579 2254 interesse,
609 2183 714 2234 ratum
738 2170 916 2235 habebitur
941 2185 974 2236 et
1001 2173 1131 2238 firmum
1155 2174 1245 2264 quod

123 2275 232 2359 major
246 2297 323 2360 pars
339 2273 441 2336 exeis
457 2271 640 2359 providerit
653 2271 702 2334 vel
717 2275 915 2360 preceperit,
930 2297 966 2338 ae
983 2274 1009 2340 si
1026 2299 1141 2344 omues
1159 2301 1242 2343 mxv.

122 2377 160 2440 iu
181 2376 245 2438 hoo
262 2373 532 2450 consensissent,
550 2386 583 2436 et
597 2373 739 2460 predicti
757 2398 842 2440 mxv.
854 2377 1015 2462 jurabunt
1030 2378 1119 2468 quod
1135 2377 1245 2447 omnia

123 2475 293 2542 antedicta
314 2475 458 2540 fideliter
474 2476 698 2540 observabunt
716 2487 748 2540 et
765 2500 826 2563 pro
843 2490 913 2542 toto
933 2503 1031 2565 posse
1047 2503 1106 2544 suo
1123 2479 1245 2548 facient

123 2577 311 2643 observari.
334 2579 490 2640 Preterea
511 2601 568 2639 rex
585 2577 683 2639 faciet
703 2601 759 2640 eos
778 2603 911 2642 securos
931 2605 990 2667 per
1008 2594 1113 2644 cartas
1135 2583 1244 2646 arehi-

123 2678 277 2769 episcopi
301 2691 334 2742 et
358 2678 592 2766 episcoporum
611 2690 644 2741 et
662 2678 812 2768 magistri
830 2681 1013 2761 Pandulfi¹,
1034 2683 1123 2770 quod
1140 2685 1244 2749 nichil

123 2779 320 2871 impetrabit
338 2804 355 2842 a
375 2779 512 2844 domino
528 2803 612 2867 papa
632 2805 691 2868 per
709 2782 799 2869 quod
819 2782 928 2870 aliqua
941 2783 1085 2849 ‘istarum
1104 2809 1243 2850 conven-

121 2888 252 2951 tionum
271 2896 445 2947 revoeetur
464 2883 515 2946 vel
536 2882 713 2963 minuatur,
735 2898 782 2963 et,
806 2885 833 2948 si
854 2885 979 2972 aliquid
1000 2887 1064 2952 tale
1085 2889 1243 2976 impetra-

122 2991 215 3070 verit,
237 2997 413 3078 reputetur
428 2983 558 3051 irritum
572 2999 604 3048 et
619 2985 716 3049 inane
731 3000 762 3049 et
779 3011 958 3076 numquam
974 3013 1012 3052 eo
1030 3003 1151 3054 utatur.

151 3216 173 3263 1.
192 3215 245 3262 Sur
260 3229 290 3260 ee
311 3225 488 3277 personnage,
507 3225 586 3274 voyez
602 3211 640 3258 les
656 3226 668 3257 u
685 3210 763 3258 Notes
781 3209 986 3274 biographiques
1005 3231 1017 3256 >1
1037 3218 1052 3260 tr
1068 3214 1095 3262 la
1114 3215 1149 3261 fin
1167 3215 1199 3265 de
1216 3217 1242 3268 lu
1263 3239 1264 3242 ¹

123 3277 216 3327 Charte
230 3277 261 3325 de
272 3277 340 3324 Jean
351 3288 414 3320 sans
427 3272 515 3318 Terre.
