2832 4868
473 401 494 454 l.
511 433 542 444 -
558 399 687 456 CHARTE
705 399 747 453 DL
764 397 865 454 HRNRl
883 398 915 452 1⁸*

444 681 665 744 Institutiones
688 679 828 744 Henrict'
848 686 947 769 regis.

157 929 268 994 Anno
297 927 540 993 incarnationis
573 926 740 992 dominice
772 951 807 990 u.
836 951 866 992 c.
900 953 923 992 1.
956 929 1135 1006 Henricus,
1167 927 1254 993 filius

112 1031 292 1101 Willelmi
314 1032 422 1120 regis,
445 1043 521 1118 post
541 1029 668 1094 obitum
687 1029 797 1094 fratris
819 1032 869 1094 sui
886 1028 1048 1100 Willclmi
1066 1031 1128 1094 Dei
1147 1029 1254 1120 gratia

117 1157 181 1198 rex
198 1133 406 1222 Anglorum,
428 1131 582 1196 omnibus
604 1129 779 1196 fidelibus¹
801 1130 952 1198 salutem.
986 1218 988 1222 .

170 1275 203 1338 l.
226 1272 351 1340 Sciatis
367 1297 418 1337 me
434 1273 496 1338 Dei
511 1271 738 1338 misericordia
753 1285 785 1336 et
799 1273 966 1336 communi
981 1273 1142 1338 consilio²
1158 1275 1252 1339 baro-

123 1401 209 1440 num
230 1377 337 1440 totius
360 1377 454 1464 regni
478 1375 614 1464 Anglie,
634 1375 805 1462 ejusdem³
822 1399 934 1464 regem
953 1375 1146 1440 coronatum
1166 1401 1252 1441 esse.

124 1481 184 1558 Et,
203 1479 281 1566 quia
303 1501 443 1567 regnum
463 1501 658 1566 oppressum
677 1489 747 1540 erat
766 1477 899 1563 injustis
916 1477 1156 1554 exactionibus
1176 1503 1251 1566 ego,

125 1579 195 1644 Dei
216 1591 373 1668 respectu
393 1592 425 1642 et
445 1602 556 1642 amore
575 1601 673 1666 quem
694 1603 772 1669 erga
787 1578 866 1642 vos4
885 1580 1006 1658 habec,
1023 1593 1170 1644 sanctam
1191 1582 1252 1644 Dei

124 1681 308 1746 ecclesiam
324 1679 477 1768 inprimis
498 1680 637 1744 liberam
652 1680 753 1759 facio,
771 1671 925 1769 ita'quod
940 1704 1001 1745 nec
1017 1681 1173 1758 vendam,
1191 1705 1252 1746 nec

125 1784 174 1848 ad
189 1783 316 1846 firmam
330 1806 465 1870 ponam,
483 1806 545 1846 nec
562 1795 692 1846 mortuo
711 1781 981 1871 archiepiscopo,
998 1783 1064 1848 sive
1079 1783 1250 1873 episcopo,

125 1886 226 1949 sive5
240 1885 372 1963 abbate,
393 1883 520 1972 aliquid
536 1884 697 1972 accipiam
717 1882 758 1947 de
775 1883 943 1948 dominico
962 1885 1102 1949 ecclesie
1122 1885 1172 1949 vel
1191 1884 1253 1948 de6

124 1985 328 2052 hominibus
357 1987 445 2072 ejus,
476 1986 584 2050 donec
609 2009 782 2050 successor
806 1987 935 2050 ineam
963 1987 1181 2076 ingrediatur.
1212 1991 1252 2051 Et

123 2112 251 2154 omnes
269 2088 369 2152 malas
386 2087 657 2167 consuetudines,
671 2087 794 2175 quibus
813 2112 952 2178 regnum
970 2089 1090 2179 Anglie
1105 2089 1253 2176 injuste⁷

124 2190 399 2279 opprimebatur,
424 2189 501 2254 inde
532 2189 661 2269 auser03
691 2213 772 2276 quas
798 2189 898 2253 malas
931 2190 1190 2256 consuetudines
1212 2217 1252 2256 ex

123 2305 229 2380 parte
247 2290 302 2356 hic
317 2289 427 2379 pono8
446 2317 452 2354 :

179 2431 211 2495 2.
240 2433 275 2497 Si
291 2433 365 2520 quis
381 2432 555 2512 baronum,
576 2434 733 2498 comitum
749 2433 932 2512 meoruml,
951 2433 1018 2497 sive
1039 2433 1178 2498 aliorum
1194 2435 1251 2521 qui

122 2535 176 2600 de
198 2559 248 2598 me
269 2547 401 2616 tenent,
419 2548 568 2599 mortuus
588 2534 703 2614 luerit,
722 2536 819 2599 heres
841 2559 919 2598 suus
941 2559 1008 2599 non
1027 2535 1168 2599 redimet
1183 2548 1251 2600 ter-

124 2661 204 2702 ram
228 2660 317 2702 suam
343 2635 427 2700 sicut
451 2635 593 2701 faciebat
617 2649 767 2724 tempore
791 2637 902 2700 fratris
923 2635 1006 2716 mei,
1027 2636 1086 2700 sed
1108 2641 1197 2724 justa
1220 2650 1252 2702 et

122 2737 283 2830 legitima
305 2738 505 2803 relevatione
515 2737 539 2783 ¹⁰
564 2738 726 2803 relevabit
749 2762 832 2802 cam.
859 2738 1023 2803 Similiter
1046 2751 1080 2803 et
1097 2739 1251 2803 homines

123 2843 297 2906 baronum
321 2864 468 2904 meorum
489 2842 579 2927 justa
605 2854 637 2904 et
662 2841 810 2929 legitima
835 2840 1037 2905 relevatione
1059 2840 1252 2908 relevabunt

122 2957 240 3008 terras
256 2966 331 3006 suas
347 2942 388 3007 de
405 2941 549 3006 dominis
566 2943 646 3007 suis.

179 3085 212 3151 3.
240 3088 281 3150 Et
305 3085 333 3150 si
355 3086 429 3174 quis
452 3085 647 3149 baronum¹¹
666 3085 718 3148 vel
742 3085 882 3148 aliorum
908 3083 1079 3149 hominum
1104 3110 1252 3150 meorum

126 3188 238 3255 filiam
267 3210 358 3252 suam
384 3199 524 3276 nuptum
550 3187 684 3251 tradere
708 3185 868 3266 voluerit,
897 3185 964 3250 sive
992 3209 1155 3264 sororem,
1184 3185 1252 3250 sive

163 3437 187 3484 1.
207 3435 245 3484 La
259 3433 333 3498 copie
343 3433 378 3480 du
391 3434 466 3482 Livre
479 3450 561 3496 rouge
571 3434 602 3481 de
615 3420 775 3496 l'llchiquier
785 3432 824 3496 (L.
834 3433 874 3498 R.)
885 3449 1033 3481 commence
1047 3448 1097 3495 par
1112 3448 1153 3478 ces
1165 3439 1233 3479 mots
1246 3448 1251 3480 :

125 3497 273 3555 Henricus,
296 3496 342 3544 Dei
376 3497 444 3544 retia
467 3513 512 3544 rex
528 3497 681 3560 Anglarum,
699 3496 821 3543 omnibus
841 3496 985 3542 baronibus
1003 3502 1028 3542 et
1047 3494 1168 3542 fidelibus
1188 3495 1252 3554 suis,

126 3559 244 3613 Francis
263 3566 289 3606 et
300 3513 401 3622 logiis,
419 3559 538 3606 salutem.

161 3627 186 3674 2.
207 3621 237 3670 1..
247 3622 278 3669 R.
292 3621 378 3684 ajoute
392 3635 398 3670 :
411 3626 435 3670 et
447 3637 561 3679 assensu,
573 3626 598 3667 et
608 3625 677 3668 ornet
688 3635 693 3667 :
708 3620 794 3666 totius.

160 3691 185 3736 3.
205 3685 235 3732 L.
249 3684 279 3731 R.
293 3683 380 3746 ajoute
393 3698 398 3730 ι
413 3682 493 3749 regni.

178 3787 185 3798 .
205 3747 234 3794 L.
252 3747 282 3794 R.
299 3745 385 3808 ajoute
399 3761 404 3792 ι
419 3761 513 3793 omnes.

177 3851 183 3862 .
204 3811 234 3858 L.
249 3809 280 3858 R.
295 3823 392 3862 azaeu.

177 3913 183 3924 .
204 3873 234 3920 L.
249 3871 280 3919 R.
294 3869 435 3918 omet:de.

155 3943 181 3990 7.
199 3937 230 3984 L.
244 3934 277 3981 R.
294 3937 382 3980 omet:
398 3931 499 3995 injuste.

152 4007 179 4053 8,
201 3999 245 4048 On
258 3995 292 4042 lit
304 3995 370 4040 dan's
383 3994 411 4040 L.
425 3995 454 4042 R.
466 4007 588 4056 suppono,
600 4007 634 4038 au
646 3991 699 4038 lieu
709 3991 741 4036 de
753 4004 758 4036 :
771 3988 899 4052 hicpono.

152 4072 178 4118 9,
200 4061 244 4112 On
255 4057 289 4105 lit
300 4057 366 4104 dans
380 4056 406 4102 L.
420 4056 450 4103 R.
463 4071 468 4103 :
482 4055 605 4102 baronum
618 4069 728 4100 meorum
738 4051 865 4101 comitum.

153 4133 195 4180 10,
216 4121 257 4173 Ici
275 4125 302 4167 et
314 4124 423 4182 par-tout
434 4119 551 4175 ailleurs,
565 4117 592 4163 L.
605 4117 634 4164 R.
650 4117 734 4162 donne
750 4115 777 4161 la
787 4115 861 4175 locon
876 4115 972 4163 tantive
986 4129 991 4161 ι
1006 4110 1171 4174 revelacione,
1185 4128 1256 4158 rere-

118 4197 200 4308 lulli⁸
213 4251 247 4300 L.
262 4247 296 4294 R.
311 4243 398 4306 ajoute
413 4257 418 4290 :
432 4257 543 4290 meorum
555 4247 580 4289 et
592 4245 662 4288 omet
674 4238 792 4288 aliorum.
