<?xml version="1.0" encoding="UTF-8"?>
<!DOCTYPE html PUBLIC "-//W3C//DTD XHTML 1.0 Transitional//EN"
    "http://www.w3.org/TR/xhtml1/DTD/xhtml1-transitional.dtd">
<html xmlns="http://www.w3.org/1999/xhtml" xml:lang="en" lang="en">
 <head>
  <title>
</title>
<meta http-equiv="Content-Type" content="text/html;charset=utf-8" />
  <meta name='ocr-system' content='tesseract 3.04.00' />
  <meta name='ocr-capabilities' content='ocr_page ocr_carea ocr_par ocr_line ocrx_word'/>
</head>
<body>
  <div class='ocr_page' id='page_1' title='image "./chartesdesliber01bmgoog_0135.png"; bbox 0 0 2796 4854; ppageno 0'>
   <div class='ocr_carea' id='block_1_1' title="bbox 174 371 1032 434">
    <p class='ocr_par' dir='ltr' id='par_1_1' title="bbox 174 371 1032 434">
     <span class='ocr_line' id='line_1_1' title="bbox 174 371 1032 434; baseline -0.006 0"><span class='ocrx_word' id='word_1_1' title='bbox 174 387 203 434; x_wconf 78' lang='lat'><strong>52</strong></span> <span class='ocrx_word' id='word_1_2' title='bbox 429 383 578 433; x_wconf 76' lang='lat' dir='ltr'><strong>curares</strong></span> <span class='ocrx_word' id='word_1_3' title='bbox 596 383 656 432; x_wconf 84' lang='lat' dir='ltr'><strong>ons</strong></span> <span class='ocrx_word' id='word_1_4' title='bbox 675 371 833 432; x_wconf 79' lang='lat' dir='ltr'><strong>urnnnvns</strong></span> <span class='ocrx_word' id='word_1_5' title='bbox 852 381 1032 432; x_wconf 73' lang='lat' dir='ltr'><strong>lucenses</strong></span> 
     </span>
    </p>
   </div>
   <div class='ocr_carea' id='block_1_2' title="bbox 174 498 1291 796">
    <p class='ocr_par' dir='ltr' id='par_1_2' title="bbox 174 498 1291 796">
     <span class='ocr_line' id='line_1_2' title="bbox 176 498 1289 589; baseline -0.004 -21"><span class='ocrx_word' id='word_1_6' title='bbox 176 500 358 568; x_wconf 87' lang='lat' dir='ltr'><strong>secuudum</strong></span> <span class='ocrx_word' id='word_1_7' title='bbox 384 499 646 589; x_wconf 81' lang='lat' dir='ltr'><strong>magnitudinem</strong></span> <span class='ocrx_word' id='word_1_8' title='bbox 666 498 796 578; x_wconf 88' lang='lat' dir='ltr'>delicti,</span> <span class='ocrx_word' id='word_1_9' title='bbox 819 498 907 563; x_wconf 88' lang='lat' dir='ltr'><strong>salvo</strong></span> <span class='ocrx_word' id='word_1_10' title='bbox 932 511 1184 564; x_wconf 87' lang='lat' dir='ltr'><strong>coutenemento</strong></span> <span class='ocrx_word' id='word_1_11' title='bbox 1206 524 1289 578; x_wconf 88' lang='lat' dir='ltr'><strong>suo;</strong></span> 
     </span>
     <span class='ocr_line' id='line_1_3' title="bbox 176 600 1289 680; baseline -0.004 -12"><span class='ocrx_word' id='word_1_12' title='bbox 176 617 210 668; x_wconf 91' lang='lat' dir='ltr'><strong>et</strong></span> <span class='ocrx_word' id='word_1_13' title='bbox 225 615 386 668; x_wconf 88' lang='lat' dir='ltr'><strong>mercator</strong></span> <span class='ocrx_word' id='word_1_14' title='bbox 402 602 517 667; x_wconf 90' lang='lat' dir='ltr'><strong>eodem</strong></span> <span class='ocrx_word' id='word_1_15' title='bbox 537 602 635 668; x_wconf 90' lang='lat' dir='ltr'><strong>modo</strong></span> <span class='ocrx_word' id='word_1_16' title='bbox 655 601 742 666; x_wconf 89' lang='lat' dir='ltr'><strong>salva</strong></span> <span class='ocrx_word' id='word_1_17' title='bbox 762 601 968 666; x_wconf 84' lang='lat' dir='ltr'><strong>mercandisa</strong></span> <span class='ocrx_word' id='word_1_18' title='bbox 983 623 1060 680; x_wconf 89' lang='lat' dir='ltr'><strong>sua;</strong></span> <span class='ocrx_word' id='word_1_19' title='bbox 1079 614 1110 666; x_wconf 89' lang='lat' dir='ltr'><strong>et</strong></span> <span class='ocrx_word' id='word_1_20' title='bbox 1124 600 1289 665; x_wconf 86' lang='lat' dir='ltr'><strong>villanus¹</strong></span> 
     </span>
     <span class='ocr_line' id='line_1_4' title="bbox 174 703 1291 796; baseline -0.003 -26"><span class='ocrx_word' id='word_1_21' title='bbox 174 707 311 770; x_wconf 82' lang='lat' dir='ltr'><strong>alterins</strong></span> <span class='ocrx_word' id='word_1_22' title='bbox 326 729 424 796; x_wconf 82' lang='lat' dir='ltr'><strong>quarn</strong></span> <span class='ocrx_word' id='word_1_23' title='bbox 441 719 551 770; x_wconf 81' lang='lat' dir='ltr'><strong>noster</strong></span> <span class='ocrx_word' id='word_1_24' title='bbox 565 704 681 770; x_wconf 91' lang='lat' dir='ltr'><strong>eodem</strong></span> <span class='ocrx_word' id='word_1_25' title='bbox 698 704 796 769; x_wconf 94' lang='lat' dir='ltr'><strong>modo</strong></span> <span class='ocrx_word' id='word_1_26' title='bbox 812 703 1008 770; x_wconf 89' lang='lat' dir='ltr'><strong>amercietur</strong></span> <span class='ocrx_word' id='word_1_27' title='bbox 1024 703 1111 768; x_wconf 89' lang='lat' dir='ltr'><strong>salvo</strong></span> <span class='ocrx_word' id='word_1_28' title='bbox 1124 704 1291 793; x_wconf 86' lang='lat' dir='ltr'><strong>wainagio</strong></span> 
     </span>
    </p>
   </div>
   <div class='ocr_carea' id='block_1_3' title="bbox 173 809 1291 1618">
    <p class='ocr_par' dir='ltr' id='par_1_3' title="bbox 173 809 1290 1108">
     <span class='ocr_line' id='line_1_5' title="bbox 174 809 1290 898; baseline -0.004 -21"><span class='ocrx_word' id='word_1_29' title='bbox 174 837 246 893; x_wconf 87' lang='lat' dir='ltr'><strong>suo,</strong></span> <span class='ocrx_word' id='word_1_30' title='bbox 267 811 294 877; x_wconf 89' lang='lat' dir='ltr'><strong>si</strong></span> <span class='ocrx_word' id='word_1_31' title='bbox 311 810 467 877; x_wconf 89' lang='lat' dir='ltr'><strong>inciderit</strong></span> <span class='ocrx_word' id='word_1_32' title='bbox 483 812 516 876; x_wconf 92' lang='lat' dir='ltr'><strong>in</strong></span> <span class='ocrx_word' id='word_1_33' title='bbox 535 810 796 877; x_wconf 87' lang='lat' dir='ltr'><strong>misericordiam</strong></span> <span class='ocrx_word' id='word_1_34' title='bbox 815 822 980 888; x_wconf 73' lang='lat' dir='ltr'><strong>nostram,</strong></span> <span class='ocrx_word' id='word_1_35' title='bbox 999 822 1033 874; x_wconf 92' lang='lat' dir='ltr'><strong>et</strong></span> <span class='ocrx_word' id='word_1_36' title='bbox 1052 809 1140 874; x_wconf 90' lang='lat' dir='ltr'><strong>nulla</strong></span> <span class='ocrx_word' id='word_1_37' title='bbox 1156 809 1290 898; x_wconf 86' lang='lat' dir='ltr'><strong>predio-</strong></span> 
     </span>
     <span class='ocr_line' id='line_1_6' title="bbox 173 914 1290 1003; baseline -0.003 -24"><span class='ocrx_word' id='word_1_38' title='bbox 173 928 280 981; x_wconf 88' lang='lat' dir='ltr'><strong>tarum</strong></span> <span class='ocrx_word' id='word_1_39' title='bbox 300 914 601 980; x_wconf 82' lang='lat' dir='ltr'><strong>misericordiarum</strong></span> <span class='ocrx_word' id='word_1_40' title='bbox 618 927 760 1003; x_wconf 87' lang='lat' dir='ltr'><strong>ponatur</strong></span> <span class='ocrx_word' id='word_1_41' title='bbox 777 915 840 978; x_wconf 92' lang='lat' dir='ltr'><strong>nisi</strong></span> <span class='ocrx_word' id='word_1_42' title='bbox 858 937 918 1002; x_wconf 89' lang='lat' dir='ltr'><strong>per</strong></span> <span class='ocrx_word' id='word_1_43' title='bbox 934 914 1196 978; x_wconf 64' lang='lat' dir='ltr'><strong>sacramentum2</strong></span> <span class='ocrx_word' id='word_1_44' title='bbox 1213 937 1290 1001; x_wconf 91' lang='lat' dir='ltr'><strong>pro-</strong></span> 
     </span>
     <span class='ocr_line' id='line_1_7' title="bbox 175 1015 925 1108; baseline -0.004 -25"><span class='ocrx_word' id='word_1_45' title='bbox 175 1020 293 1083; x_wconf 91' lang='lat' dir='ltr'><strong>borum</strong></span> <span class='ocrx_word' id='word_1_46' title='bbox 313 1030 345 1082; x_wconf 93' lang='lat' dir='ltr'><strong>et</strong></span> <span class='ocrx_word' id='word_1_47' title='bbox 360 1016 517 1108; x_wconf 88' lang='lat' dir='ltr'><strong>legalium</strong></span> <span class='ocrx_word' id='word_1_48' title='bbox 536 1017 707 1082; x_wconf 90' lang='lat' dir='ltr'><strong>hominnm</strong></span> <span class='ocrx_word' id='word_1_49' title='bbox 725 1016 766 1082; x_wconf 93' lang='lat' dir='ltr'><strong>de</strong></span> <span class='ocrx_word' id='word_1_50' title='bbox 784 1015 925 1081; x_wconf 85' lang='lat' dir='ltr'><strong>visneto.</strong></span> 
     </span>
    </p>

    <p class='ocr_par' dir='ltr' id='par_1_4' title="bbox 176 1117 1290 1300">
     <span class='ocr_line' id='line_1_8' title="bbox 219 1117 1290 1210; baseline -0.001 -27"><span class='ocrx_word' id='word_1_51' title='bbox 219 1119 297 1210; x_wconf 76' lang='lat'><strong>(21).</strong></span> <span class='ocrx_word' id='word_1_52' title='bbox 324 1120 469 1185; x_wconf 82' lang='lat' dir='ltr'><strong>Comites</strong></span> <span class='ocrx_word' id='word_1_53' title='bbox 487 1134 520 1184; x_wconf 90' lang='lat' dir='ltr'><strong>et</strong></span> <span class='ocrx_word' id='word_1_54' title='bbox 540 1120 681 1184; x_wconf 89' lang='lat' dir='ltr'><strong>barones</strong></span> <span class='ocrx_word' id='word_1_55' title='bbox 698 1144 764 1184; x_wconf 93' lang='lat' dir='ltr'><strong>non</strong></span> <span class='ocrx_word' id='word_1_56' title='bbox 785 1121 1008 1184; x_wconf 84' lang='lat' dir='ltr'><strong>anrercieutur</strong></span> <span class='ocrx_word' id='word_1_57' title='bbox 1026 1117 1091 1182; x_wconf 92' lang='lat' dir='ltr'><strong>nisi</strong></span> <span class='ocrx_word' id='word_1_58' title='bbox 1112 1142 1171 1206; x_wconf 88' lang='lat' dir='ltr'><strong>per</strong></span> <span class='ocrx_word' id='word_1_59' title='bbox 1190 1141 1290 1207; x_wconf 86' lang='lat' dir='ltr'><strong>pares</strong></span> 
     </span>
     <span class='ocr_line' id='line_1_9' title="bbox 176 1219 971 1300; baseline -0.004 -12"><span class='ocrx_word' id='word_1_60' title='bbox 176 1247 265 1300; x_wconf 87' lang='lat' dir='ltr'><strong>suos,</strong></span> <span class='ocrx_word' id='word_1_61' title='bbox 283 1235 315 1288; x_wconf 90' lang='lat' dir='ltr'><strong>et</strong></span> <span class='ocrx_word' id='word_1_62' title='bbox 330 1247 397 1288; x_wconf 92' lang='lat' dir='ltr'><strong>non</strong></span> <span class='ocrx_word' id='word_1_63' title='bbox 413 1222 476 1288; x_wconf 88' lang='lat' dir='ltr'><strong>nisi</strong></span> <span class='ocrx_word' id='word_1_64' title='bbox 490 1221 672 1287; x_wconf 87' lang='lat' dir='ltr'><strong>secundum</strong></span> <span class='ocrx_word' id='word_1_65' title='bbox 692 1221 825 1286; x_wconf 90' lang='lat' dir='ltr'><strong>modum</strong></span> <span class='ocrx_word' id='word_1_66' title='bbox 845 1219 971 1286; x_wconf 85' lang='lat' dir='ltr'><strong>delicti.</strong></span> 
     </span>
    </p>

    <p class='ocr_par' dir='ltr' id='par_1_5' title="bbox 175 1319 1291 1618">
     <span class='ocr_line' id='line_1_10' title="bbox 220 1319 1290 1412; baseline -0.003 -23"><span class='ocrx_word' id='word_1_67' title='bbox 220 1324 297 1412; x_wconf 84' lang='grc'>(22).</span> <span class='ocrx_word' id='word_1_68' title='bbox 329 1325 424 1391; x_wconf 92' lang='lat' dir='ltr'><strong>Nulla</strong></span> <span class='ocrx_word' id='word_1_69' title='bbox 452 1322 677 1390; x_wconf 87' lang='lat' dir='ltr'><strong>ecclesiastica</strong></span> <span class='ocrx_word' id='word_1_70' title='bbox 710 1347 853 1412; x_wconf 89' lang='lat' dir='ltr'><strong>persona</strong></span> <span class='ocrx_word' id='word_1_71' title='bbox 884 1324 1082 1388; x_wconf 89' lang='lat' dir='ltr'><strong>amercietur</strong></span> <span class='ocrx_word' id='word_1_72' title='bbox 1105 1319 1290 1387; x_wconf 88' lang='lat' dir='ltr'><strong>secundum</strong></span> 
     </span>
     <span class='ocr_line' id='line_1_11' title="bbox 175 1424 1291 1517; baseline -0.003 -25"><span class='ocrx_word' id='word_1_73' title='bbox 175 1429 391 1517; x_wconf 82' lang='lat' dir='ltr'><strong>quantitatem</strong></span> <span class='ocrx_word' id='word_1_74' title='bbox 414 1426 569 1492; x_wconf 87' lang='lat' dir='ltr'><strong>beneficii</strong></span> <span class='ocrx_word' id='word_1_75' title='bbox 594 1425 643 1492; x_wconf 90' lang='lat' dir='ltr'><strong>sui</strong></span> <span class='ocrx_word' id='word_1_76' title='bbox 670 1425 905 1504; x_wconf 88' lang='lat' dir='ltr'><strong>ecclesiastici,</strong></span> <span class='ocrx_word' id='word_1_77' title='bbox 928 1425 1000 1490; x_wconf 85' lang='lat' dir='ltr'><strong>set3</strong></span> <span class='ocrx_word' id='word_1_78' title='bbox 1024 1425 1203 1490; x_wconf 89' lang='lat' dir='ltr'><strong>secundum</strong></span> <span class='ocrx_word' id='word_1_79' title='bbox 1228 1424 1291 1490; x_wconf 88' lang='lat' dir='ltr'><strong>lai-</strong></span> 
     </span>
     <span class='ocr_line' id='line_1_12' title="bbox 175 1527 1242 1618; baseline -0.002 -24"><span class='ocrx_word' id='word_1_80' title='bbox 175 1554 249 1595; x_wconf 91' lang='lat' dir='ltr'><strong>cum</strong></span> <span class='ocrx_word' id='word_1_81' title='bbox 263 1543 488 1596; x_wconf 86' lang='lat' dir='ltr'><strong>tenementum</strong></span> <span class='ocrx_word' id='word_1_82' title='bbox 501 1552 607 1609; x_wconf 91' lang='lat' dir='ltr'><strong>suum,</strong></span> <span class='ocrx_word' id='word_1_83' title='bbox 622 1541 654 1593; x_wconf 91' lang='lat' dir='ltr'><strong>et</strong></span> <span class='ocrx_word' id='word_1_84' title='bbox 670 1527 853 1594; x_wconf 90' lang='lat' dir='ltr'><strong>secundum</strong></span> <span class='ocrx_word' id='word_1_85' title='bbox 866 1527 1083 1618; x_wconf 79' lang='lat' dir='ltr'><strong>quantitatem</strong></span> <span class='ocrx_word' id='word_1_86' title='bbox 1096 1528 1242 1592; x_wconf 70' lang='lat' dir='ltr'><strong>delictit.</strong></span> 
     </span>
    </p>
   </div>
   <div class='ocr_carea' id='block_1_4' title="bbox 174 1684 1291 1879">
    <p class='ocr_par' dir='ltr' id='par_1_6' title="bbox 174 1684 1291 1879">
     <span class='ocr_line' id='line_1_13' title="bbox 222 1684 1291 1774; baseline -0.003 -23"><span class='ocrx_word' id='word_1_87' title='bbox 222 1687 262 1752; x_wconf 88' lang='lat'><strong>15</strong></span> <span class='ocrx_word' id='word_1_88' title='bbox 280 1685 357 1774; x_wconf 85' lang='grc'>(23).</span> <span class='ocrx_word' id='word_1_89' title='bbox 383 1687 451 1751; x_wconf 90' lang='lat' dir='ltr'><strong>Nec</strong></span> <span class='ocrx_word' id='word_1_90' title='bbox 472 1685 563 1766; x_wconf 88' lang='lat' dir='ltr'><strong>villa,</strong></span> <span class='ocrx_word' id='word_1_91' title='bbox 583 1709 644 1750; x_wconf 87' lang='lat' dir='ltr'><strong>nec</strong></span> <span class='ocrx_word' id='word_1_92' title='bbox 661 1686 778 1764; x_wconf 91' lang='lat' dir='ltr'><strong>homo,</strong></span> <span class='ocrx_word' id='word_1_93' title='bbox 801 1684 1021 1774; x_wconf 86' lang='lat' dir='ltr'><strong>distringatur</strong></span> <span class='ocrx_word' id='word_1_94' title='bbox 1040 1685 1146 1749; x_wconf 84' lang='lat' dir='ltr'><strong>facere</strong></span> <span class='ocrx_word' id='word_1_95' title='bbox 1167 1698 1291 1772; x_wconf 90' lang='lat' dir='ltr'><strong>pontes</strong></span> 
     </span>
     <span class='ocr_line' id='line_1_14' title="bbox 174 1786 1221 1879; baseline -0.005 -25"><span class='ocrx_word' id='word_1_96' title='bbox 174 1790 216 1856; x_wconf 93' lang='lat' dir='ltr'><strong>ad</strong></span> <span class='ocrx_word' id='word_1_97' title='bbox 236 1789 375 1879; x_wconf 89' lang='lat' dir='ltr'><strong>riparias</strong></span> <span class='ocrx_word' id='word_1_98' title='bbox 395 1789 460 1853; x_wconf 90' lang='lat' dir='ltr'><strong>nisi</strong></span> <span class='ocrx_word' id='word_1_99' title='bbox 479 1787 535 1877; x_wconf 94' lang='lat' dir='ltr'><strong>qui</strong></span> <span class='ocrx_word' id='word_1_100' title='bbox 553 1786 768 1877; x_wconf 84' lang='lat' dir='ltr'><strong>ex5antiqu0</strong></span> <span class='ocrx_word' id='word_1_101' title='bbox 786 1786 877 1852; x_wconf 89' lang='lat' dir='ltr'><strong>etde</strong></span> <span class='ocrx_word' id='word_1_102' title='bbox 893 1789 967 1875; x_wconf 89' lang='lat' dir='ltr'><strong>jure</strong></span> <span class='ocrx_word' id='word_1_103' title='bbox 986 1787 1092 1851; x_wconf 87' lang='lat' dir='ltr'><strong>lacere</strong></span> <span class='ocrx_word' id='word_1_104' title='bbox 1111 1786 1221 1851; x_wconf 88' lang='lat' dir='ltr'><strong>debet.</strong></span> 
     </span>
    </p>
   </div>
   <div class='ocr_carea' id='block_1_5' title="bbox 173 1942 1291 2318">
    <p class='ocr_par' dir='ltr' id='par_1_7' title="bbox 173 1942 1291 2318">
     <span class='ocr_line' id='line_1_15' title="bbox 220 1942 1291 2034; baseline -0.005 -25"><span class='ocrx_word' id='word_1_105' title='bbox 220 1944 273 2010; x_wconf 88' lang='lat'><strong>16.</strong></span> <span class='ocrx_word' id='word_1_106' title='bbox 299 1945 401 2012; x_wconf 85' lang='lat' dir='ltr'><strong>Nulla</strong></span> <span class='ocrx_word' id='word_1_107' title='bbox 427 1948 556 2034; x_wconf 83' lang='lat' dir='ltr'><strong>riparia</strong></span> <span class='ocrx_word' id='word_1_108' title='bbox 576 1943 722 2008; x_wconf 72' lang='lat' dir='ltr'><strong>decatero</strong></span> <span class='ocrx_word' id='word_1_109' title='bbox 744 1943 954 2032; x_wconf 70' lang='lat' dir='ltr'><strong>defendatur,</strong></span> <span class='ocrx_word' id='word_1_110' title='bbox 979 1945 1046 2006; x_wconf 80' lang='lat' dir='ltr'><strong>nisi</strong></span> <span class='ocrx_word' id='word_1_111' title='bbox 1062 1942 1115 2006; x_wconf 80' lang='lat' dir='ltr'><strong>ille</strong></span> <span class='ocrx_word' id='word_1_112' title='bbox 1134 1965 1196 2032; x_wconf 83' lang='lat' dir='ltr'><strong>qne</strong></span> <span class='ocrx_word' id='word_1_113' title='bbox 1216 1943 1291 2030; x_wconf 82' lang='lat' dir='ltr'><strong>fue-</strong></span> 
     </span>
     <span class='ocr_line' id='line_1_16' title="bbox 174 2043 1290 2137; baseline -0.005 -26"><span class='ocrx_word' id='word_1_114' title='bbox 174 2061 252 2112; x_wconf 86' lang='lat' dir='ltr'><strong>runt</strong></span> <span class='ocrx_word' id='word_1_115' title='bbox 272 2053 305 2111; x_wconf 82' lang='lat' dir='ltr'><strong>in</strong></span> <span class='ocrx_word' id='word_1_116' title='bbox 325 2048 456 2137; x_wconf 70' lang='lat' dir='ltr'><strong>descensu</strong></span> <span class='ocrx_word' id='word_1_117' title='bbox 473 2061 616 2134; x_wconf 88' lang='lat' dir='ltr'><strong>tempore</strong></span> <span class='ocrx_word' id='word_1_118' title='bbox 635 2051 722 2135; x_wconf 77' lang='lat' dir='ltr'><strong>regis</strong></span> <span class='ocrx_word' id='word_1_119' title='bbox 742 2046 879 2108; x_wconf 83' lang='lat' dir='ltr'><strong>Henrici</strong></span> <span class='ocrx_word' id='word_1_120' title='bbox 891 2051 948 2109; x_wconf 80' lang='lat' dir='ltr'><strong>avi</strong></span> <span class='ocrx_word' id='word_1_121' title='bbox 962 2047 1082 2122; x_wconf 85' lang='lat' dir='ltr'><strong>nostri,</strong></span> <span class='ocrx_word' id='word_1_122' title='bbox 1097 2068 1159 2131; x_wconf 84' lang='lat' dir='ltr'><strong>per</strong></span> <span class='ocrx_word' id='word_1_123' title='bbox 1173 2043 1290 2106; x_wconf 87' lang='lat' dir='ltr'><strong>eadem</strong></span> 
     </span>
     <span class='ocr_line' id='line_1_17' title="bbox 174 2151 1290 2236; baseline -0.004 -22"><span class='ocrx_word' id='word_1_124' title='bbox 174 2151 247 2214; x_wconf 85' lang='lat' dir='ltr'><strong>loca</strong></span> <span class='ocrx_word' id='word_1_125' title='bbox 275 2164 305 2214; x_wconf 86' lang='lat' dir='ltr'><strong>et</strong></span> <span class='ocrx_word' id='word_1_126' title='bbox 330 2151 456 2214; x_wconf 77' lang='lat' dir='ltr'><strong>eosdem</strong></span> <span class='ocrx_word' id='word_1_127' title='bbox 487 2154 642 2214; x_wconf 81' lang='lat' dir='ltr'><strong>terminos</strong></span> <span class='ocrx_word' id='word_1_128' title='bbox 670 2156 754 2213; x_wconf 82' lang='lat' dir='ltr'><strong>sicut</strong></span> <span class='ocrx_word' id='word_1_129' title='bbox 784 2173 852 2212; x_wconf 81' lang='lat' dir='ltr'><strong>esse</strong></span> <span class='ocrx_word' id='word_1_130' title='bbox 882 2160 1118 2212; x_wconf 76' lang='lat' dir='ltr'><strong>consueverunt</strong></span> <span class='ocrx_word' id='word_1_131' title='bbox 1144 2160 1290 2236; x_wconf 83' lang='lat' dir='ltr'><strong>tempore</strong></span> 
     </span>
     <span class='ocr_line' id='line_1_18' title="bbox 173 2251 268 2318; baseline -0.021 0"><span class='ocrx_word' id='word_1_132' title='bbox 173 2251 268 2318; x_wconf 70' lang='lat' dir='ltr'><strong>snofl.</strong></span> 
     </span>
    </p>
   </div>
   <div class='ocr_carea' id='block_1_6' title="bbox 173 2405 1290 2598">
    <p class='ocr_par' dir='ltr' id='par_1_8' title="bbox 173 2405 1290 2598">
     <span class='ocr_line' id='line_1_19' title="bbox 220 2405 1290 2496; baseline -0.001 -25"><span class='ocrx_word' id='word_1_133' title='bbox 220 2406 259 2474; x_wconf 86' lang='lat'><strong>17</strong></span> <span class='ocrx_word' id='word_1_134' title='bbox 279 2405 357 2496; x_wconf 87' lang='grc'>(24).</span> <span class='ocrx_word' id='word_1_135' title='bbox 383 2408 499 2473; x_wconf 78' lang='lat' dir='ltr'><strong>Nullus</strong></span> <span class='ocrx_word' id='word_1_136' title='bbox 521 2407 721 2486; x_wconf 87' lang='lat' dir='ltr'><strong>vicecomes,</strong></span> <span class='ocrx_word' id='word_1_137' title='bbox 744 2406 1023 2484; x_wconf 84' lang='lat' dir='ltr'><strong>constabularius,</strong></span> <span class='ocrx_word' id='word_1_138' title='bbox 1051 2407 1290 2470; x_wconf 81' lang='lat' dir='ltr'><strong>coronatores⁷</strong></span> 
     </span>
     <span class='ocr_line' id='line_1_20' title="bbox 173 2508 1113 2598; baseline -0.004 -23"><span class='ocrx_word' id='word_1_139' title='bbox 173 2511 223 2576; x_wconf 89' lang='lat' dir='ltr'><strong>vel</strong></span> <span class='ocrx_word' id='word_1_140' title='bbox 240 2509 295 2576; x_wconf 89' lang='lat' dir='ltr'><strong>alii</strong></span> <span class='ocrx_word' id='word_1_141' title='bbox 314 2508 424 2574; x_wconf 87' lang='lat' dir='ltr'><strong>ballivi</strong></span> <span class='ocrx_word' id='word_1_142' title='bbox 441 2509 544 2574; x_wconf 89' lang='lat' dir='ltr'><strong>nostri</strong></span> <span class='ocrx_word' id='word_1_143' title='bbox 561 2522 697 2574; x_wconf 86' lang='lat' dir='ltr'><strong>teneant</strong></span> <span class='ocrx_word' id='word_1_144' title='bbox 711 2508 832 2598; x_wconf 90' lang='lat' dir='ltr'><strong>placita</strong></span> <span class='ocrx_word' id='word_1_145' title='bbox 849 2533 970 2572; x_wconf 86' lang='lat' dir='ltr'><strong>corone</strong></span> <span class='ocrx_word' id='word_1_146' title='bbox 989 2521 1113 2572; x_wconf 90' lang='lat' dir='ltr'><strong>nostre.</strong></span> 
     </span>
    </p>
   </div>
   <div class='ocr_carea' id='block_1_7' title="bbox 171 2663 1289 3266">
    <p class='ocr_par' dir='ltr' id='par_1_9' title="bbox 171 2663 1289 3266">
     <span class='ocr_line' id='line_1_21' title="bbox 219 2663 1288 2753; baseline -0.002 -23"><span class='ocrx_word' id='word_1_147' title='bbox 219 2665 259 2730; x_wconf 90' lang='lat'><strong>18</strong></span> <span class='ocrx_word' id='word_1_148' title='bbox 278 2665 353 2752; x_wconf 84' lang='lat'>(26).</span> <span class='ocrx_word' id='word_1_149' title='bbox 382 2663 417 2730; x_wconf 89' lang='lat' dir='ltr'><strong>Si</strong></span> <span class='ocrx_word' id='word_1_150' title='bbox 434 2665 553 2753; x_wconf 89' lang='lat' dir='ltr'><strong>aliquis</strong></span> <span class='ocrx_word' id='word_1_151' title='bbox 570 2678 686 2729; x_wconf 89' lang='lat' dir='ltr'><strong>tenens</strong></span> <span class='ocrx_word' id='word_1_152' title='bbox 705 2664 746 2728; x_wconf 93' lang='lat' dir='ltr'><strong>de</strong></span> <span class='ocrx_word' id='word_1_153' title='bbox 762 2663 858 2728; x_wconf 93' lang='lat' dir='ltr'><strong>nobis</strong></span> <span class='ocrx_word' id='word_1_154' title='bbox 875 2663 995 2727; x_wconf 89' lang='lat' dir='ltr'><strong>laicum</strong></span> <span class='ocrx_word' id='word_1_155' title='bbox 1017 2663 1146 2727; x_wconf 83' lang='lat' dir='ltr'><strong>feodum</strong></span> <span class='ocrx_word' id='word_1_156' title='bbox 1168 2664 1288 2728; x_wconf 90' lang='lat' dir='ltr'><strong>moria·</strong></span> 
     </span>
     <span class='ocr_line' id='line_1_22' title="bbox 173 2765 1288 2847; baseline -0.004 -13"><span class='ocrx_word' id='word_1_157' title='bbox 173 2782 238 2847; x_wconf 92' lang='lat' dir='ltr'><strong>tur,</strong></span> <span class='ocrx_word' id='word_1_158' title='bbox 260 2781 293 2833; x_wconf 86' lang='lat' dir='ltr'><strong>et</strong></span> <span class='ocrx_word' id='word_1_159' title='bbox 313 2769 496 2832; x_wconf 86' lang='lat' dir='ltr'><strong>vicecomes</strong></span> <span class='ocrx_word' id='word_1_160' title='bbox 519 2767 569 2831; x_wconf 89' lang='lat' dir='ltr'><strong>vel</strong></span> <span class='ocrx_word' id='word_1_161' title='bbox 590 2767 728 2831; x_wconf 86' lang='lat' dir='ltr'><strong>ballivus</strong></span> <span class='ocrx_word' id='word_1_162' title='bbox 749 2779 862 2831; x_wconf 90' lang='lat' dir='ltr'><strong>noster</strong></span> <span class='ocrx_word' id='word_1_163' title='bbox 881 2765 1036 2829; x_wconf 89' lang='lat' dir='ltr'><strong>ostendat</strong></span> <span class='ocrx_word' id='word_1_164' title='bbox 1055 2765 1182 2830; x_wconf 86' lang='lat' dir='ltr'><strong>litteras</strong></span> <span class='ocrx_word' id='word_1_165' title='bbox 1206 2789 1288 2829; x_wconf 89' lang='lat' dir='ltr'><strong>nos-</strong></span> 
     </span>
     <span class='ocr_line' id='line_1_23' title="bbox 171 2866 1287 2958; baseline -0.003 -23"><span class='ocrx_word' id='word_1_166' title='bbox 171 2885 239 2935; x_wconf 92' lang='lat' dir='ltr'><strong>tras</strong></span> <span class='ocrx_word' id='word_1_167' title='bbox 272 2882 425 2958; x_wconf 85' lang='lat' dir='ltr'><strong>patentes</strong></span> <span class='ocrx_word' id='word_1_168' title='bbox 457 2869 498 2934; x_wconf 90' lang='lat' dir='ltr'><strong>de</strong></span> <span class='ocrx_word' id='word_1_169' title='bbox 530 2870 787 2934; x_wconf 89' lang='lat' dir='ltr'><strong>summonitione</strong></span> <span class='ocrx_word' id='word_1_170' title='bbox 824 2880 936 2932; x_wconf 91' lang='lat' dir='ltr'><strong>nostra</strong></span> <span class='ocrx_word' id='word_1_171' title='bbox 972 2866 1013 2931; x_wconf 90' lang='lat' dir='ltr'><strong>do</strong></span> <span class='ocrx_word' id='word_1_172' title='bbox 1047 2867 1160 2932; x_wconf 90' lang='lat' dir='ltr'><strong>debito</strong></span> <span class='ocrx_word' id='word_1_173' title='bbox 1194 2867 1287 2955; x_wconf 91' lang='lat' dir='ltr'><strong>quod</strong></span> 
     </span>
     <span class='ocr_line' id='line_1_24' title="bbox 171 2969 1287 3046; baseline -0.003 -9"><span class='ocrx_word' id='word_1_174' title='bbox 171 2973 347 3037; x_wconf 81' lang='lat' dir='ltr'><strong>defunctus</strong></span> <span class='ocrx_word' id='word_1_175' title='bbox 367 2972 464 3036; x_wconf 88' lang='lat' dir='ltr'><strong>nobis</strong></span> <span class='ocrx_word' id='word_1_176' title='bbox 484 2971 612 3046; x_wconf 88' lang='lat' dir='ltr'><strong>debuit,</strong></span> <span class='ocrx_word' id='word_1_177' title='bbox 632 2971 730 3035; x_wconf 87' lang='lat' dir='ltr'><strong>liceat</strong></span> <span class='ocrx_word' id='word_1_178' title='bbox 751 2971 938 3036; x_wconf 90' lang='lat' dir='ltr'><strong>vicecomiti</strong></span> <span class='ocrx_word' id='word_1_179' title='bbox 958 2970 1008 3036; x_wconf 92' lang='lat' dir='ltr'><strong>vel</strong></span> <span class='ocrx_word' id='word_1_180' title='bbox 1028 2969 1148 3035; x_wconf 84' lang='lat' dir='ltr'><strong>ballivo</strong></span> <span class='ocrx_word' id='word_1_181' title='bbox 1168 2982 1287 3034; x_wconf 88' lang='lat' dir='ltr'><strong>nostro</strong></span> 
     </span>
     <span class='ocr_line' id='line_1_25' title="bbox 172 3072 1289 3140; baseline -0.002 -1"><span class='ocrx_word' id='word_1_182' title='bbox 172 3075 351 3140; x_wconf 88' lang='lat' dir='ltr'><strong>attachiare</strong></span> <span class='ocrx_word' id='word_1_183' title='bbox 379 3087 412 3138; x_wconf 88' lang='lat' dir='ltr'><strong>et</strong></span> <span class='ocrx_word' id='word_1_184' title='bbox 438 3074 644 3138; x_wconf 85' lang='lat' dir='ltr'><strong>inbreviare8</strong></span> <span class='ocrx_word' id='word_1_185' title='bbox 671 3073 787 3138; x_wconf 86' lang='lat' dir='ltr'><strong>catalla</strong></span> <span class='ocrx_word' id='word_1_186' title='bbox 814 3074 962 3138; x_wconf 81' lang='lat' dir='ltr'><strong>defuncti</strong></span> <span class='ocrx_word' id='word_1_187' title='bbox 987 3076 1117 3138; x_wconf 90' lang='lat' dir='ltr'><strong>inventa</strong></span> <span class='ocrx_word' id='word_1_188' title='bbox 1142 3072 1175 3136; x_wconf 91' lang='lat' dir='ltr'><strong>in</strong></span> <span class='ocrx_word' id='word_1_189' title='bbox 1200 3072 1289 3137; x_wconf 89' lang='lat' dir='ltr'><strong>laico</strong></span> 
     </span>
     <span class='ocr_line' id='line_1_26' title="bbox 171 3175 1288 3266; baseline -0.002 -24"><span class='ocrx_word' id='word_1_190' title='bbox 171 3179 268 3242; x_wconf 85' lang='lat' dir='ltr'><strong>feodo</strong></span> <span class='ocrx_word' id='word_1_191' title='bbox 288 3177 328 3241; x_wconf 90' lang='lat' dir='ltr'><strong>nd</strong></span> <span class='ocrx_word' id='word_1_192' title='bbox 350 3177 529 3241; x_wconf 86' lang='lat' dir='ltr'><strong>valenciam</strong></span> <span class='ocrx_word' id='word_1_193' title='bbox 550 3175 638 3240; x_wconf 91' lang='lat' dir='ltr'><strong>illius</strong></span> <span class='ocrx_word' id='word_1_194' title='bbox 659 3176 763 3240; x_wconf 87' lang='lat' dir='ltr'><strong>debiti</strong></span> <span class='ocrx_word' id='word_1_195' title='bbox 788 3177 974 3264; x_wconf 90' lang='lat' dir='ltr'><strong>pervisum</strong></span> <span class='ocrx_word' id='word_1_196' title='bbox 998 3175 1153 3266; x_wconf 84' lang='lat' dir='ltr'><strong>legalium</strong></span> <span class='ocrx_word' id='word_1_197' title='bbox 1175 3175 1288 3256; x_wconf 83' lang='lat' dir='ltr'><strong>homi·</strong></span> 
     </span>
    </p>
   </div>
   <div class='ocr_carea' id='block_1_8' title="bbox 165 3425 1290 4301">
    <p class='ocr_par' dir='ltr' id='par_1_10' title="bbox 169 3425 1289 3663">
     <span class='ocr_line' id='line_1_27' title="bbox 202 3425 1289 3497; baseline 0 -23"><span class='ocrx_word' id='word_1_198' title='bbox 202 3429 224 3475; x_wconf 84' lang='lat' dir='ltr'><strong>t.</strong></span> <span class='ocrx_word' id='word_1_199' title='bbox 242 3427 312 3474; x_wconf 82' lang='lat' dir='ltr'><strong>Daue</strong></span> <span class='ocrx_word' id='word_1_200' title='bbox 325 3426 394 3483; x_wconf 87' lang='grc'>1216,</span> <span class='ocrx_word' id='word_1_201' title='bbox 406 3441 439 3473; x_wconf 91' lang='lat' dir='ltr'><strong>au</strong></span> <span class='ocrx_word' id='word_1_202' title='bbox 449 3425 502 3472; x_wconf 88' lang='lat' dir='ltr'><strong>lieu</strong></span> <span class='ocrx_word' id='word_1_203' title='bbox 515 3425 546 3472; x_wconf 93' lang='lat' dir='ltr'><strong>de</strong></span> <span class='ocrx_word' id='word_1_204' title='bbox 557 3431 622 3474; x_wconf 88' lang='lat' dir='ltr'><strong>cette</strong></span> <span class='ocrx_word' id='word_1_205' title='bbox 632 3426 738 3497; x_wconf 84' lang='lat' dir='ltr'><strong>phrase,</strong></span> <span class='ocrx_word' id='word_1_206' title='bbox 750 3441 782 3472; x_wconf 91' lang='lat' dir='ltr'><strong>on</strong></span> <span class='ocrx_word' id='word_1_207' title='bbox 793 3425 824 3474; x_wconf 87' lang='lat' dir='ltr'><strong>lit</strong></span> <span class='ocrx_word' id='word_1_208' title='bbox 838 3441 843 3472; x_wconf 75' lang='grc' dir='ltr'><strong>ε</strong></span> <span class='ocrx_word' id='word_1_209' title='bbox 857 3431 882 3474; x_wconf 85' lang='lat' dir='ltr'><strong>et</strong></span> <span class='ocrx_word' id='word_1_210' title='bbox 892 3425 1003 3474; x_wconf 74' lang='lat' dir='ltr'><strong>villanus</strong></span> <span class='ocrx_word' id='word_1_211' title='bbox 1014 3427 1103 3474; x_wconf 83' lang='lat' dir='ltr'><strong>eodem</strong></span> <span class='ocrx_word' id='word_1_212' title='bbox 1115 3425 1190 3474; x_wconf 80' lang='lat' dir='ltr'><strong>ruodo</strong></span> <span class='ocrx_word' id='word_1_213' title='bbox 1205 3441 1289 3474; x_wconf 82' lang='lat' dir='ltr'><strong>erner-</strong></span> 
     </span>
     <span class='ocr_line' id='line_1_28' title="bbox 169 3487 1289 3554; baseline -0.001 -15"><span class='ocrx_word' id='word_1_214' title='bbox 169 3491 259 3546; x_wconf 81' lang='lat' dir='ltr'><strong>cr&#39;etur,</strong></span> <span class='ocrx_word' id='word_1_215' title='bbox 279 3487 349 3536; x_wconf 78' lang='lat' dir='ltr'><strong>salvo</strong></span> <span class='ocrx_word' id='word_1_216' title='bbox 370 3487 517 3552; x_wconf 78' lang='lat' dir='ltr'><strong>wainnagio</strong></span> <span class='ocrx_word' id='word_1_217' title='bbox 536 3505 594 3544; x_wconf 79' lang='lat' dir='ltr'><strong>suo,</strong></span> <span class='ocrx_word' id='word_1_218' title='bbox 615 3504 637 3534; x_wconf 72' lang='grc' dir='ltr'><strong>ει</strong></span> <span class='ocrx_word' id='word_1_219' title='bbox 657 3487 776 3536; x_wconf 78' lang='lat' dir='ltr'><strong>inciderit</strong></span> <span class='ocrx_word' id='word_1_220' title='bbox 797 3487 823 3535; x_wconf 80' lang='lat' dir='ltr'><strong>in</strong></span> <span class='ocrx_word' id='word_1_221' title='bbox 844 3489 1047 3536; x_wconf 78' lang='lat' dir='ltr'><strong>misericordiam</strong></span> <span class='ocrx_word' id='word_1_222' title='bbox 1065 3495 1181 3538; x_wconf 82' lang='lat' dir='ltr'><strong>nostram</strong></span> <span class='ocrx_word' id='word_1_223' title='bbox 1198 3489 1242 3554; x_wconf 83' lang='lat' dir='ltr'><strong>(cl.</strong></span> <span class='ocrx_word' id='word_1_224' title='bbox 1261 3491 1289 3538; x_wconf 84' lang='lat' dir='ltr'><strong>la</strong></span> 
     </span>
     <span class='ocr_line' id='line_1_29' title="bbox 169 3550 1288 3615; baseline 0 -14"><span class='ocrx_word' id='word_1_225' title='bbox 169 3554 258 3601; x_wconf 87' lang='lat' dir='ltr'><strong>charte</strong></span> <span class='ocrx_word' id='word_1_226' title='bbox 269 3551 301 3598; x_wconf 83' lang='lat' dir='ltr'><strong>dc</strong></span> <span class='ocrx_word' id='word_1_227' title='bbox 311 3552 379 3609; x_wconf 82' lang='grc'>1215,</span> <span class='ocrx_word' id='word_1_228' title='bbox 394 3557 443 3598; x_wconf 84' lang='lat' dir='ltr'><strong>art.</strong></span> <span class='ocrx_word' id='word_1_229' title='bbox 455 3551 504 3614; x_wconf 85' lang='grc'>26).</span> <span class='ocrx_word' id='word_1_230' title='bbox 519 3550 554 3598; x_wconf 84' lang='lat' dir='ltr'><strong>La</strong></span> <span class='ocrx_word' id='word_1_231' title='bbox 563 3551 696 3598; x_wconf 72' lang='lat' dir='ltr'><strong>redaction</strong></span> <span class='ocrx_word' id='word_1_232' title='bbox 706 3551 738 3597; x_wconf 89' lang='lat' dir='ltr'><strong>de</strong></span> <span class='ocrx_word' id='word_1_233' title='bbox 749 3551 775 3598; x_wconf 85' lang='lat' dir='ltr'><strong>la</strong></span> <span class='ocrx_word' id='word_1_234' title='bbox 785 3550 874 3598; x_wconf 85' lang='lat' dir='ltr'><strong>charte</strong></span> <span class='ocrx_word' id='word_1_235' title='bbox 883 3552 915 3600; x_wconf 87' lang='lat' dir='ltr'><strong>de</strong></span> <span class='ocrx_word' id='word_1_236' title='bbox 926 3553 987 3600; x_wconf 93' lang='grc'>1216</span> <span class='ocrx_word' id='word_1_237' title='bbox 999 3559 1038 3600; x_wconf 83' lang='lat' dir='ltr'><strong>est</strong></span> <span class='ocrx_word' id='word_1_238' title='bbox 1049 3551 1182 3615; x_wconf 87' lang='lat' dir='ltr'><strong>identique</strong></span> <span class='ocrx_word' id='word_1_239' title='bbox 1193 3557 1210 3600; x_wconf 76' lang='lat' dir='ltr'><strong>a</strong></span> <span class='ocrx_word' id='word_1_240' title='bbox 1220 3553 1288 3601; x_wconf 87' lang='lat' dir='ltr'><strong>celle</strong></span> 
     </span>
     <span class='ocr_line' id='line_1_30' title="bbox 169 3617 283 3663; baseline 0 -1"><span class='ocrx_word' id='word_1_241' title='bbox 169 3617 201 3663; x_wconf 85' lang='lat' dir='ltr'><strong>de</strong></span> <span class='ocrx_word' id='word_1_242' title='bbox 214 3617 283 3662; x_wconf 85' lang='grc'>1225.</span> 
     </span>
    </p>

    <p class='ocr_par' dir='ltr' id='par_1_11' title="bbox 200 3675 700 3740">
     <span class='ocr_line' id='line_1_31' title="bbox 200 3675 700 3740; baseline -0.004 -16"><span class='ocrx_word' id='word_1_243' title='bbox 200 3679 223 3724; x_wconf 93' lang='grc'><strong>2.</strong></span> <span class='ocrx_word' id='word_1_244' title='bbox 241 3678 311 3724; x_wconf 86' lang='lat' dir='ltr'><strong>Dans</strong></span> <span class='ocrx_word' id='word_1_245' title='bbox 325 3676 384 3723; x_wconf 91' lang='grc'>1217</span> <span class='ocrx_word' id='word_1_246' title='bbox 392 3675 453 3740; x_wconf 85' lang='lat' dir='ltr'><strong>(art.</strong></span> <span class='ocrx_word' id='word_1_247' title='bbox 465 3677 503 3740; x_wconf 92' lang='grc'><strong>16)</strong></span> <span class='ocrx_word' id='word_1_248' title='bbox 514 3692 519 3722; x_wconf 86' lang='grc'>;</span> <span class='ocrx_word' id='word_1_249' title='bbox 530 3681 700 3723; x_wconf 82' lang='lat' dir='ltr'><strong>sacramenta.</strong></span> 
     </span>
    </p>

    <p class='ocr_par' dir='ltr' id='par_1_12' title="bbox 200 3737 595 3800">
     <span class='ocr_line' id='line_1_32' title="bbox 200 3737 595 3800; baseline -0.008 -14"><span class='ocrx_word' id='word_1_250' title='bbox 200 3742 223 3787; x_wconf 88' lang='lat'><strong>3.</strong></span> <span class='ocrx_word' id='word_1_251' title='bbox 242 3739 311 3785; x_wconf 88' lang='lat' dir='ltr'><strong>Dans</strong></span> <span class='ocrx_word' id='word_1_252' title='bbox 326 3739 387 3784; x_wconf 91' lang='grc'>1217</span> <span class='ocrx_word' id='word_1_253' title='bbox 401 3741 461 3796; x_wconf 86' lang='lat' dir='ltr'><strong>(art.</strong></span> <span class='ocrx_word' id='word_1_254' title='bbox 478 3739 516 3800; x_wconf 88' lang='grc'><strong>18)</strong></span> <span class='ocrx_word' id='word_1_255' title='bbox 527 3737 595 3785; x_wconf 71' lang='lat' dir='ltr'><strong>zared.</strong></span> 
     </span>
    </p>

    <p class='ocr_par' dir='ltr' id='par_1_13' title="bbox 165 3799 1290 3989">
     <span class='ocr_line' id='line_1_33' title="bbox 198 3799 1290 3875; baseline 0.003 -27"><span class='ocrx_word' id='word_1_256' title='bbox 198 3805 222 3848; x_wconf 81' lang='grc'><strong>1.</strong></span> <span class='ocrx_word' id='word_1_257' title='bbox 241 3802 301 3848; x_wconf 88' lang='grc'>1216</span> <span class='ocrx_word' id='word_1_258' title='bbox 313 3803 372 3859; x_wconf 88' lang='lat' dir='ltr'><strong>(ort.</strong></span> <span class='ocrx_word' id='word_1_259' title='bbox 386 3802 426 3862; x_wconf 90' lang='lat'><strong>17)</strong></span> <span class='ocrx_word' id='word_1_260' title='bbox 438 3801 523 3863; x_wconf 82' lang='lat' dir='ltr'><strong>ajoute</strong></span> <span class='ocrx_word' id='word_1_261' title='bbox 537 3817 542 3847; x_wconf 92' lang='lat'><strong>:</strong></span> <span class='ocrx_word' id='word_1_262' title='bbox 557 3799 647 3848; x_wconf 76' lang='lat' dir='ltr'><strong>Nullus</strong></span> <span class='ocrx_word' id='word_1_263' title='bbox 660 3799 765 3848; x_wconf 78' lang='lat' dir='ltr'><strong>clericus</strong></span> <span class='ocrx_word' id='word_1_264' title='bbox 781 3801 940 3859; x_wconf 83' lang='lat' dir='ltr'><strong>amercictur,</strong></span> <span class='ocrx_word' id='word_1_265' title='bbox 954 3801 1006 3849; x_wconf 81' lang='lat' dir='ltr'><strong>nisi</strong></span> <span class='ocrx_word' id='word_1_266' title='bbox 1019 3801 1160 3849; x_wconf 74' lang='lat' dir='ltr'><strong>secundum</strong></span> <span class='ocrx_word' id='word_1_267' title='bbox 1174 3805 1290 3875; x_wconf 73' lang='lat' dir='ltr'><strong>(ormam</strong></span> 
     </span>
     <span class='ocr_line' id='line_1_34' title="bbox 165 3862 1290 3927; baseline 0.003 -15"><span class='ocrx_word' id='word_1_268' title='bbox 165 3863 349 3927; x_wconf 79' lang='lat' dir='ltr'><strong>predictorum,</strong></span> <span class='ocrx_word' id='word_1_269' title='bbox 370 3867 395 3909; x_wconf 79' lang='lat' dir='ltr'><strong>et</strong></span> <span class='ocrx_word' id='word_1_270' title='bbox 409 3877 460 3910; x_wconf 87' lang='lat' dir='ltr'><strong>non</strong></span> <span class='ocrx_word' id='word_1_271' title='bbox 480 3862 617 3910; x_wconf 83' lang='lat' dir='ltr'><strong>secundum</strong></span> <span class='ocrx_word' id='word_1_272' title='bbox 636 3863 805 3927; x_wconf 78' lang='lat' dir='ltr'><strong>quantitatem</strong></span> <span class='ocrx_word' id='word_1_273' title='bbox 821 3863 939 3926; x_wconf 82' lang='lat' dir='ltr'><strong>beneficii</strong></span> <span class='ocrx_word' id='word_1_274' title='bbox 953 3864 995 3912; x_wconf 79' lang='lat' dir='ltr'><strong>sui</strong></span> <span class='ocrx_word' id='word_1_275' title='bbox 1010 3863 1178 3912; x_wconf 75' lang='lat' dir='ltr'><strong>ecclesiastica</strong></span> <span class='ocrx_word' id='word_1_276' title='bbox 1197 3869 1242 3926; x_wconf 83' lang='lat' dir='ltr'><strong>(cl.</strong></span> <span class='ocrx_word' id='word_1_277' title='bbox 1261 3869 1290 3916; x_wconf 84' lang='lat' dir='ltr'><strong>la</strong></span> 
     </span>
     <span class='ocr_line' id='line_1_35' title="bbox 167 3925 487 3989; baseline -0.006 -15"><span class='ocrx_word' id='word_1_278' title='bbox 167 3928 257 3974; x_wconf 83' lang='lat' dir='ltr'><strong>charte</strong></span> <span class='ocrx_word' id='word_1_279' title='bbox 269 3925 301 3970; x_wconf 88' lang='lat' dir='ltr'><strong>de</strong></span> <span class='ocrx_word' id='word_1_280' title='bbox 314 3926 383 3981; x_wconf 84' lang='grc'>1215,</span> <span class='ocrx_word' id='word_1_281' title='bbox 397 3935 425 3971; x_wconf 84' lang='lat' dir='ltr'><strong>n⁰</strong></span> <span class='ocrx_word' id='word_1_282' title='bbox 438 3925 487 3989; x_wconf 89' lang='grc'>22).</span> 
     </span>
    </p>

    <p class='ocr_par' dir='ltr' id='par_1_14' title="bbox 200 3988 441 4036">
     <span class='ocr_line' id='line_1_36' title="bbox 200 3988 441 4036; baseline -0.008 0"><span class='ocrx_word' id='word_1_283' title='bbox 200 3993 221 4036; x_wconf 85' lang='grc'><strong>5.</strong></span> <span class='ocrx_word' id='word_1_284' title='bbox 241 3988 310 4035; x_wconf 81' lang='lat' dir='ltr'><strong>Dans</strong></span> <span class='ocrx_word' id='word_1_285' title='bbox 322 3988 396 4034; x_wconf 80' lang='lat'><strong>1216:</strong></span> <span class='ocrx_word' id='word_1_286' title='bbox 409 3993 441 4034; x_wconf 83' lang='lat' dir='ltr'><strong>et.</strong></span> 
     </span>
    </p>

    <p class='ocr_par' dir='ltr' id='par_1_15' title="bbox 167 4049 1290 4160">
     <span class='ocr_line' id='line_1_37' title="bbox 197 4049 1290 4116; baseline 0.005 -17"><span class='ocrx_word' id='word_1_287' title='bbox 197 4055 221 4098; x_wconf 87' lang='lat'><strong>6.</strong></span> <span class='ocrx_word' id='word_1_288' title='bbox 239 4050 317 4099; x_wconf 78' lang='lat' dir='ltr'><strong>L&#39;art.</strong></span> <span class='ocrx_word' id='word_1_289' title='bbox 331 4051 361 4097; x_wconf 93' lang='grc'><strong>16</strong></span> <span class='ocrx_word' id='word_1_290' title='bbox 370 4057 410 4098; x_wconf 86' lang='lat' dir='ltr'><strong>est</strong></span> <span class='ocrx_word' id='word_1_291' title='bbox 420 4049 486 4097; x_wconf 87' lang='lat' dir='ltr'><strong>omis</strong></span> <span class='ocrx_word' id='word_1_292' title='bbox 497 4049 562 4097; x_wconf 87' lang='lat' dir='ltr'><strong>dans</strong></span> <span class='ocrx_word' id='word_1_293' title='bbox 576 4050 649 4108; x_wconf 85' lang='grc'>1216;</span> <span class='ocrx_word' id='word_1_294' title='bbox 658 4050 677 4098; x_wconf 91' lang='lat' dir='ltr'><strong>il</strong></span> <span class='ocrx_word' id='word_1_295' title='bbox 689 4067 716 4098; x_wconf 87' lang='lat' dir='ltr'><strong>se</strong></span> <span class='ocrx_word' id='word_1_296' title='bbox 727 4055 818 4099; x_wconf 89' lang='lat' dir='ltr'><strong>trouve</strong></span> <span class='ocrx_word' id='word_1_297' title='bbox 831 4051 896 4098; x_wconf 86' lang='lat' dir='ltr'><strong>dans</strong></span> <span class='ocrx_word' id='word_1_298' title='bbox 908 4052 967 4099; x_wconf 93' lang='grc'>1217</span> <span class='ocrx_word' id='word_1_299' title='bbox 978 4052 1039 4114; x_wconf 85' lang='lat' dir='ltr'><strong>(nrt.</strong></span> <span class='ocrx_word' id='word_1_300' title='bbox 1053 4051 1104 4116; x_wconf 89' lang='grc'>20).</span> <span class='ocrx_word' id='word_1_301' title='bbox 1119 4052 1159 4100; x_wconf 83' lang='lat' dir='ltr'><strong>Ct.</strong></span> <span class='ocrx_word' id='word_1_302' title='bbox 1172 4053 1249 4113; x_wconf 72' lang='lat' dir='ltr'><strong>l’urt,</strong></span> <span class='ocrx_word' id='word_1_303' title='bbox 1258 4057 1290 4104; x_wconf 75' lang='lat'><strong>47</strong></span> 
     </span>
     <span class='ocr_line' id='line_1_38' title="bbox 167 4112 469 4160; baseline -0.007 0"><span class='ocrx_word' id='word_1_304' title='bbox 167 4112 198 4160; x_wconf 86' lang='lat' dir='ltr'><strong>dc</strong></span> <span class='ocrx_word' id='word_1_305' title='bbox 211 4115 237 4160; x_wconf 85' lang='lat' dir='ltr'><strong>la</strong></span> <span class='ocrx_word' id='word_1_306' title='bbox 251 4112 340 4160; x_wconf 85' lang='lat' dir='ltr'><strong>charte</strong></span> <span class='ocrx_word' id='word_1_307' title='bbox 353 4112 384 4159; x_wconf 90' lang='lat' dir='ltr'><strong>de</strong></span> <span class='ocrx_word' id='word_1_308' title='bbox 400 4113 469 4160; x_wconf 89' lang='grc'>1215.</span> 
     </span>
    </p>

    <p class='ocr_par' dir='ltr' id='par_1_16' title="bbox 197 4174 562 4223">
     <span class='ocr_line' id='line_1_39' title="bbox 197 4174 562 4223; baseline 0 -1"><span class='ocrx_word' id='word_1_309' title='bbox 197 4178 220 4222; x_wconf 85' lang='grc'><strong>7.</strong></span> <span class='ocrx_word' id='word_1_310' title='bbox 241 4174 309 4222; x_wconf 89' lang='lat' dir='ltr'><strong>Dans</strong></span> <span class='ocrx_word' id='word_1_311' title='bbox 324 4176 383 4222; x_wconf 86' lang='grc'>1297</span> <span class='ocrx_word' id='word_1_312' title='bbox 398 4191 403 4222; x_wconf 88' lang='lat'>:</span> <span class='ocrx_word' id='word_1_313' title='bbox 418 4181 562 4223; x_wconf 86' lang='lat' dir='ltr'><strong>coronator.</strong></span> 
     </span>
    </p>

    <p class='ocr_par' dir='ltr' id='par_1_17' title="bbox 197 4238 642 4301">
     <span class='ocr_line' id='line_1_40' title="bbox 197 4238 642 4301; baseline 0 -17"><span class='ocrx_word' id='word_1_314' title='bbox 197 4239 221 4286; x_wconf 82' lang='lat'><strong>8.</strong></span> <span class='ocrx_word' id='word_1_315' title='bbox 239 4239 298 4285; x_wconf 83' lang='grc'>1297</span> <span class='ocrx_word' id='word_1_316' title='bbox 311 4238 397 4301; x_wconf 85' lang='lat' dir='ltr'><strong>njonte</strong></span> <span class='ocrx_word' id='word_1_317' title='bbox 411 4255 416 4286; x_wconf 88' lang='lat'>:</span> <span class='ocrx_word' id='word_1_318' title='bbox 431 4238 516 4285; x_wconf 84' lang='lat' dir='ltr'><strong>omnin</strong></span> <span class='ocrx_word' id='word_1_319' title='bbox 530 4238 597 4284; x_wconf 82' lang='lat' dir='ltr'><strong>bone</strong></span> <span class='ocrx_word' id='word_1_320' title='bbox 610 4244 642 4284; x_wconf 89' lang='lat' dir='ltr'><strong>et.</strong></span> 
     </span>
    </p>
   </div>
   <div class='ocr_carea' id='block_1_9' title="bbox 0 0 1402 4854">
    <p class='ocr_par' dir='ltr' id='par_1_18' title="bbox 0 0 1402 4854">
     <span class='ocr_line' id='line_1_41' title="bbox 0 0 1402 4854; baseline 0 2"><span class='ocrx_word' id='word_1_321' title='bbox 0 0 1402 4854; x_wconf 95' lang='lat' dir='ltr'><strong> </strong></span> 
     </span>
    </p>
   </div>
  </div>
 </body>
</html>
