2796 4854
232 351 263 400 68
486 349 635 400 CHARTES
653 351 713 399 DES
731 337 890 401 Ltsstta‘rt'ts
907 351 1087 402 attumlstts

232 481 308 558 post
327 491 428 533 unum
450 491 571 532 annum
596 481 629 532 et
652 491 753 533 nuum
776 468 864 532 diem
891 469 1019 558 plegios
1047 469 1192 535 invenire
1211 471 1312 559 possit,

232 584 325 636 exeat
344 594 360 634 a
380 569 531 659 prisona3
552 571 603 635 sin
621 583 742 650 autem,
762 571 893 658 abjuret
908 596 1046 662 regnum
1062 572 1191 662 Anglie.

277 674 328 739 11.
356 673 552 762 Quicunque
589 673 878 762 archiepiscopus,
914 676 1109 763 episcopus,
1146 700 1246 740 eomes
1272 675 1314 738 vel

230 777 329 842 baro¹
358 775 528 842 transierit
559 801 619 866 per
655 777 809 870 forestam
835 789 1001 856 nostram,
1029 776 1127 842 liceat
1158 777 1187 841 ei
1218 801 1315 864 capere

228 905 326 946 unam
342 880 392 944 vel
405 880 486 944 duas
501 879 624 944 bestias
639 903 699 968 per
711 879 815 944 visum
832 879 1008 957 forestarii,
1024 879 1050 944 si
1066 905 1201 968 presens
1214 881 1313 957 fuerit,

229 983 416 1061 sinautem,
434 982 531 1046 faciat
546 981 689 1060 cornari,
707 1005 748 1046 ne
763 981 913 1046 videatur
929 981 1045 1047 furtive
1064 983 1127 1047 hoc
1142 981 1271 1047 facerel.

272 1126 324 1191 12.
350 1123 586 1214 Unusquisque
618 1124 704 1189 liber
739 1126 839 1189 homo
872 1124 1028 1190 decetero
1063 1123 1136 1189 sine
1164 1123 1315 1190 occasione

227 1229 324 1294 faciat
339 1227 374 1292 in
391 1229 494 1293 bosco
515 1251 585 1306 suo,
604 1227 656 1291 vel
675 1227 709 1291 in
729 1240 817 1291 terra
836 1251 892 1292 sua
908 1251 1005 1314 quarn
1021 1227 1142 1292 habeat
1154 1230 1187 1292 in
1201 1228 1314 1302 foresta,

228 1330 471 1409 molendinum,
494 1329 666 1410 vivarium,
689 1341 858 1420 stagnum,
879 1331 1068 1410 marleram,
1089 1331 1254 1408 fossatum,
1273 1329 1316 1391 vel

226 1447 348 1499 terram
378 1432 537 1497 arabilem
564 1445 655 1497 extra
687 1433 922 1519 cooperatum3
950 1434 983 1496 in
1012 1446 1100 1497 terra
1130 1432 1253 1511 arabili,
1279 1433 1315 1494 ita

227 1536 317 1626 quod
337 1559 403 1600 non
423 1534 466 1599 sit
485 1534 525 1599 ad
541 1547 775 1600 nocumentum
792 1535 931 1623 alicujus
947 1535 1059 1600 vicini.
1226 1541 1227 1544 ’

272 1677 322 1743 13.
350 1678 585 1765 Unusquisque
603 1677 688 1740 liber
704 1678 803 1742 homo
821 1678 942 1742 habeat
960 1679 993 1742 in
1010 1677 1122 1744 boscis
1138 1677 1203 1743 suis
1221 1700 1317 1742 aereas

225 1779 445 1871 ancipitrum⁴
462 1793 494 1844 et
512 1780 754 1869 spervariorum
775 1791 808 1843 et
826 1779 1002 1859 falconum,
1024 1781 1216 1869 aquilarum,
1234 1791 1263 1844 et
1283 1779 1317 1842 de

225 1883 371 1972 heyrinis
384 1885 408 1963 5,
427 1895 461 1946 et
481 1882 601 1946 habeat
623 1881 775 1946 similiter
798 1883 862 1946 mel
882 1882 972 1971 quod
991 1882 1162 1949 inventum
1182 1881 1270 1947 fuerit
1290 1882 1317 1943 in

224 1985 334 2051 boscis
353 1987 432 2050 suis.

270 2128 322 2193 14.
349 2127 466 2196 Nullus
487 2124 679 2192 forestarius
699 2126 741 2190 de
759 2139 889 2206 cetero,
911 2126 966 2216 qni
990 2151 1055 2191 non
1079 2129 1121 2192 sit
1145 2125 1316 2192 forestarius

224 2234 265 2297 de
294 2231 392 2297 feudo
421 2229 564 2294 reddens
593 2230 689 2294 nobis
722 2229 847 2293 firmam
881 2253 943 2317 pro
978 2229 1097 2293 ballivo
1126 2256 1199 2307 sua,
1225 2228 1318 2318 capiat

224 2333 462 2423 chiminaginm
485 2331 619 2420 aliquod
643 2330 675 2395 in
703 2331 821 2396 balliva
846 2355 923 2410 sua;
946 2332 1137 2396 forestarius
1162 2345 1263 2397 autem
1284 2330 1317 2393 de

224 2436 322 2500 fendo
339 2435 465 2500 firmam
484 2433 581 2497 nobis
600 2433 743 2498 reddens
760 2458 820 2522 pro
839 2434 957 2499 balliva
973 2459 1030 2498 sua
1051 2437 1160 2524 capiat
1174 2433 1319 2499 chimina-

222 2537 329 2631 gium,
351 2536 506 2602 videlicet
519 2560 580 2623 pro
599 2549 707 2600 oaretu
721 2561 782 2623 per
797 2535 970 2600 dimidium
989 2525 1110 2601 annum
1131 2537 1212 2601 duos
1231 2536 1318 2600 dena-

223 2641 307 2720 rios,
328 2653 361 2705 et
383 2664 443 2728 per
460 2638 559 2702 alium
577 2638 751 2702 dimidium
772 2662 893 2702 annum
917 2639 1000 2702 duos
1023 2638 1195 2716 denarios,
1220 2650 1250 2702 et
1268 2660 1318 2724 pro

222 2768 308 2833 equo
324 2743 380 2832 qui
397 2752 507 2831 portat
522 2739 707 2829 sumagium
723 2765 784 2828 per
801 2740 975 2804 dimidium
991 2764 1113 2805 annum
1132 2765 1230 2805 unum
1249 2739 1317 2802 obo-

222 2847 305 2927 lum,
327 2859 359 2909 et
379 2869 439 2934 per
459 2843 558 2908 alium
574 2842 748 2906 dimidium
765 2867 886 2907 annum
903 2843 1056 2923 obolum,
1074 2856 1107 2907 et
1123 2868 1190 2907 non
1210 2841 1268 2906 nisi
1286 2838 1318 2901 de

221 2949 287 3012 illis
317 2947 372 3036 qui
402 2947 443 3011 de
477 2958 568 3009 extra
598 2943 750 3008 ballivum
782 2970 889 3024 suam,
921 2957 1078 3034 tanquam
1116 2956 1316 3016 mercatores,

220 3052 358 3116 veniunt
374 3073 434 3138 per
453 3047 625 3112 licenciam
649 3049 796 3111 suumin
821 3047 974 3112 ballivum
996 3072 1087 3112 suam
1111 3049 1153 3112 ad
1180 3049 1316 3119 buscam,

221 3153 426 3230 meremium,
442 3151 596 3215 corticem
610 3149 661 3214 vel
677 3150 856 3215 carbonem
871 3150 1060 3229 emendum,
1074 3163 1107 3214 et
1120 3150 1199 3215 alias
1213 3149 1318 3213 ducen-

221 3256 299 3320 dum
314 3256 354 3319 ad
367 3253 578 3318 vendendum
591 3253 647 3316 ubi
664 3252 829 3316 voluerint
845 3278 851 3316 z
868 3265 901 3317 et
918 3253 959 3317 de
975 3252 1064 3317 nulla
1081 3253 1144 3317 alia
1160 3263 1264 3318 careta
1276 3245 1317 3311 vel

221 3359 368 3446 sumagio
384 3355 519 3443 aliquod
533 3353 781 3444 ohimunagium
798 3355 888 3442 (sict)
907 3354 1056 3444 capiatur
1074 3381 1080 3418 ε
1097 3368 1130 3420 et
1148 3379 1213 3419 non
1226 3351 1317 3440 capia·

219 3473 273 3525 tur
290 3457 526 3547 chiminagium
547 3457 611 3520 nisi
633 3458 667 3520 in
688 3455 770 3521 locis
790 3455 856 3521 illis
877 3457 934 3522 ubi
955 3457 1138 3546 antiquitus
1155 3457 1227 3545 capi
1245 3453 1316 3518 sole-

227 3613 1317 3638 ,.....-.................-...-.-..-..-..........-

250 3708 272 3754 1.
291 3707 351 3754 1225
367 3705 454 3768 ajoute
468 3722 474 3752 τ
489 3705 588 3752 veniens
601 3705 637 3752 ad
649 3721 694 3752 nor
705 3705 740 3752 acl
749 3705 901 3754 mandatum
913 3711 1035 3753 nostrum.

249 3772 272 3816 2.
291 3771 351 3815 1225
364 3769 466 3830 ajoute:
481 3768 550 3814 Idem
565 3768 640 3814 liccat
653 3767 689 3814 eis
703 3767 728 3814 iu
739 3768 869 3815 redeundo
881 3770 967 3830 facere
983 3769 1047 3816 sieut
1058 3768 1200 3830 predictum
1211 3774 1256 3817 est.

249 3835 271 3879 3.
290 3833 358 3878 Dans
371 3831 447 3877 12251
461 3832 619 3894 Coopertum,
631 3831 703 3892 leqon
716 3831 760 3894 qui
772 3847 798 3878 sc
810 3837 902 3878 trouve
914 3831 985 3878 aussi
999 3833 1063 3878 dune
1076 3847 1126 3879 une
1139 3832 1183 3879 des
1196 3831 1277 3894 copies
1287 3825 1312 3871 de

218 3894 244 3942 la
256 3894 345 3942 charte
358 3893 389 3940 de
402 3893 471 3940 1217.

247 3958 271 4004 4.
289 3956 358 4004 Dans
374 3956 398 4002 le
412 3955 554 4002 fac—simile
567 3957 647 4018 grave
663 3955 695 4002 de
711 3956 737 4001 ln
755 3955 843 4003 charte
861 3955 892 4004 de
908 3957 968 4003 1217
984 3963 1009 4003 et
1022 3955 1087 4003 dans
1099 3958 1126 4004 lu
1139 3952 1312 4017 transcription

216 4017 262 4066 des
271 4021 392 4074 Statutes,
406 4018 426 4063 il
439 4033 455 4079 y
467 4033 482 4064 u
495 4018 529 4064 ici
543 4019 684 4064 seulement
698 4017 860 4126 ganpciptum.
875 4019 911 4066 La
924 4019 996 4080 locon
1010 4019 1162 4081 ancipitrum
1173 4019 1247 4082 (pour
1260 4011 1316 4061 acci·

214 4080 319 4160 pitrum)
332 4087 372 4128 est
384 4080 485 4127 fournie
497 4095 546 4143 par
558 4081 584 4127 la
596 4080 685 4126 charte
716 4095 729 4126 e
758 4081 811 4126 225.

247 4147 269 4190 5.
287 4142 472 4206 LInspenimus
482 4142 631 4190 d'Edouard
641 4143 652 4189 1
664 4149 738 4206 porte
750 4157 755 4189 :
767 4147 791 4188 et
801 4141 942 4190 lreironum¹

247 4208 270 4254 6.
289 4205 358 4253 Dans
376 4207 436 4252 1225
451 4220 456 4252 :
471 4203 672 4270 Cheminagium.
