2796 4854
209 337 237 384 72
464 331 612 380 CHARTES
630 329 691 378 DES
708 317 867 380 LlBERTllS
885 329 1064 380 ANGLttsns

209 449 356 528 llenrici,
381 449 442 513 Dei
468 445 581 536 gracia
605 445 705 534 Regis
730 445 851 535 Anglie
877 443 1032 523 illustris,
1055 458 1087 509 et
1109 443 1302 510 dominorum

210 551 342 620 Ricardi
364 549 496 616 comitis
519 548 701 625 Cornubic,
725 547 835 612 fratris
855 549 922 627 sui,
946 548 1067 637 Rogeri
1085 549 1206 613 comitis
1222 549 1303 612 Nor-

208 659 331 724 lolchie
353 669 387 722 et
411 653 610 734 Sullolchie,
637 654 820 719 marescalli
844 655 981 744 Anglie,
1008 655 1160 720 Hunfridi
1184 652 1303 720 comitis
1382 689 1383 694 κ

209 759 419 838 Herefordie,
455 755 604 846 Hugonis
644 755 775 820 comitis
812 759 955 836 Oxonie‚
992 760 1150 824 Johannis
1186 756 1303 822 comitis

208 865 365 952 Warwyk
387 874 421 926 et
447 860 586 924 aliorum
606 857 802 948 optimatum
824 860 919 950 regui
944 859 1081 952 Anglie,
1104 885 1162 926 nos
1186 858 1304 925 Bnnifa-

208 965 279 1032 cius
294 963 404 1030 diviua
418 960 635 1028 miseracione
650 961 898 1027 Cantuariensis
914 964 1195 1053 archiepiscopus,
1206 959 1304 1025 tocius

207 1067 327 1158 Anglie
369 1066 509 1156 primas,
551 1063 654 1130 Fulco
694 1063 955 1144 Loudoniensis,
1004 1069 1099 1156 Hugo
1148 1064 1303 1152 Elyeusis,

207 1170 374 1236 Robertus
402 1165 662 1245 Lincolniensis,
691 1166 858 1235 Walterus
890 1168 1162 1258 Wygorniensis‚
1190 1166 1305 1236 Walte-
1382 1177 1383 1184 ’

208 1295 263 1336 rus
284 1267 526 1344 Norwicensis,
547 1269 664 1333 Petrus
682 1267 962 1349 Herelordiensis,
983 1269 1170 1340 Willelmus
1191 1266 1307 1336 Sarris-
1382 1349 1383 1360 ἶ

207 1373 388 1450 heriensis,
420 1370 587 1440 Walterus
622 1370 873 1450 Dunolmensis,
906 1372 1067 1437 Ricardus
1101 1371 1305 1446 Exoriensis,

209 1475 368 1542 Silvester
388 1471 622 1550 Karliotensis,
640 1471 827 1541 Willelmus
847 1473 1100 1552 bathoniensis,
1122 1473 1307 1539 Laurentius

208 1574 391 1656 Rollensis,
428 1577 572 1640 Thomas
618 1575 825 1638 Menevcnsis
868 1576 1032 1664 episcopi,
1072 1575 1307 1665 pontificalibus

209 1672 332 1752 induti,
370 1671 515 1737 candelis
553 1671 718 1750 accensis,
754 1673 788 1736 in
825 1686 1088 1763 transgressores
1128 1675 1308 1739 libertatum
1382 1737 1383 1740 ,

207 1775 506 1842 ecclesiasticarum
522 1788 554 1840 et
571 1775 760 1840 libertatum
775 1799 830 1840 seu
847 1775 1026 1840 liberarum
1041 1775 1309 1843 consuetudinum

208 1881 302 1971 regni
327 1879 463 1970 Anglie,
486 1892 520 1943 et
543 1879 702 1967 precipue
725 1901 836 1942 carum
856 1901 920 1966 que
940 1879 1155 1944 continentur
1175 1881 1206 1944 in
1226 1889 1310 1942 carta

208 1980 430 2047 communium
451 1981 642 2046 libertatum
668 1979 764 2069 regni
791 1992 823 2044 et
847 1993 935 2046 carta
961 1981 1001 2045 de
1026 1982 1163 2062 foresta,
1188 2004 1309 2046 excom·
1382 1979 1383 1984 '

208 2081 446 2148 municacionis
487 2081 690 2146 sentenciam
733 2081 949 2171 solempniter
983 2083 1120 2149 tulimus
1160 2085 1217 2148 sub
1251 2083 1310 2146 hac

207 2186 333 2250 forma:

251 2286 457 2353 Auctoritate
477 2287 539 2352 Dei
559 2285 799 2373 omnipotentis
821 2287 942 2375 patris,
966 2300 998 2352 et
1020 2288 1097 2368 filii,
1120 2302 1152 2353 et
1175 2288 1311 2377 Spiritus

208 2389 326 2465 sancti,
344 2402 377 2454 et
396 2389 542 2480 gloriose
560 2389 620 2454 Dei
639 2389 812 2478 genitricis
831 2413 1026 2478 semperque
1043 2391 1182 2480 virginis
1197 2391 1311 2467 Mario,

208 2494 383 2556 beatorum
408 2490 634 2579 apostolorum
658 2492 747 2556 Petri
768 2504 800 2554 et
822 2491 931 2570 Pauli,
954 2491 1167 2581 omniumque
1191 2506 1312 2580 aposto-

208 2595 333 2673 lorum,
353 2593 440 2658 beati
464 2595 590 2658 Thome
610 2592 853 2683 archiepiscopi
877 2605 910 2656 et
930 2593 1089 2670 martiris,
1107 2595 1312 2682 omniumque

208 2696 392 2776 martirum,
411 2695 498 2760 beati
514 2695 670 2760 Edwardi
691 2695 791 2784 Regis
807 2694 939 2785 Anglie,
958 2695 1173 2786 omniumque
1191 2697 1314 2762 confes-

209 2823 320 2865 sorum
339 2810 371 2862 et
390 2798 573 2888 virginum,
591 2797 804 2886 omniumque
826 2811 1015 2863 sanctorum
1033 2799 1110 2880 Dei,
1131 2823 1314 2865 excommu-

210 2902 358 2967 nicamus
388 2913 421 2964 et
449 2901 737 2965 anatematizamus
766 2914 797 2965 et
824 2925 842 2964 a
870 2900 1040 2965 liminibus
1068 2915 1179 2966 sancte
1206 2904 1314 2967 matris

209 3003 359 3070 Ecclesie
384 3014 630 3091 sequestramus
657 3026 770 3066 omnes
795 3002 869 3068 illos
896 3003 952 3092 qui
978 3005 1096 3069 amodo
1121 3004 1259 3069 scienter
1284 3018 1316 3068 et

210 3105 378 3172 maliciose
407 3105 563 3168 ecclesias
588 3104 788 3192 privaverint
816 3105 867 3169 vel
899 3106 1112 3194 spoliaverint
1142 3131 1201 3171 suo
1227 3109 1314 3192 jure;

209 3210 288 3275 item
312 3232 428 3273 omnes
452 3207 528 3272 illos
549 3207 606 3296 qui
633 3207 875 3272 ecclesiasticas
899 3207 1070 3273 libertates
1096 3210 1147 3273 vel
1168 3209 1315 3296 antiquas

209 3310 304 3402 regni
332 3308 591 3374 consuetudines
616 3309 833 3396 approbatas,
856 3322 888 3373 et
912 3310 1069 3398 precipue
1094 3310 1259 3376 libertates
1284 3323 1316 3374 et

209 3411 331 3476 liberas
347 3409 606 3476 consuetudines
627 3434 690 3498 que
712 3409 746 3474 in
769 3411 868 3475 cartis
890 3411 1112 3476 communium
1131 3413 1316 3477 libertatum

210 3515 303 3579 etde
325 3514 447 3578 foresta
469 3513 696 3590 continentur,
718 3514 885 3577 concessis
906 3537 923 3578 a
944 3514 1078 3579 domiuo
1100 3517 1190 3605 Rege
1213 3514 1316 3578 archi-

210 3615 396 3705 episcopis,
420 3614 587 3704 episcopis
610 3627 642 3679 et
664 3615 783 3679 ceteris
806 3615 926 3708 Anglie
948 3617 1102 3704 prelatis,
1125 3618 1314 3696 comitibuS,

210 3718 407 3797 baronibus,
431 3717 592 3781 militibus
615 3729 648 3780 et
669 3716 774 3781 libere
795 3719 1004 3798 tenentibus,
1028 3743 1233 3809 quacumque
1249 3733 1315 3784 arte

209 3822 259 3885 vel
275 3821 411 3910 ingenio
430 3821 636 3898 violaverint,
659 3819 873 3910 infregerint,
893 3822 1112 3887 diminuerint
1127 3848 1185 3888 seu
1202 3824 1315 3887 immu-

209 3924 368 4003 taverint,
386 3924 470 3987 clam
490 3923 540 3986 vel
559 3923 685 4010 palam,
705 3924 808 4003 facto,
828 3926 929 3988 verbo
953 3925 1004 3990 vel
1026 3924 1184 4010 consilio,
1207 3936 1314 3991 contra

210 4023 283 4090 illas
314 4026 365 4091 vel
399 4050 510 4089 earum
544 4025 687 4113 aliquam
724 4027 756 4088 iu
789 4051 997 4116 quocumque
1031 4029 1170 4093 articulo
1198 4043 1315 4093 temere

210 4129 391 4208 veniendo;
414 4129 492 4194 item
517 4151 632 4194 omnes
654 4127 729 4191 illos
752 4131 808 4218 qui
829 4143 943 4195 contra
966 4130 1039 4196 illas
1063 4132 1111 4196 vel
1133 4156 1242 4196 carum
1258 4131 1314 4196 ali-
