2832 4868
187 343 216 391 16
443 339 595 390 ΟΕΑΒΤΕΒ
612 339 673 388 DES
691 325 852 388 tratartts
870 339 1051 388 tnotttsus

230 457 263 522 2.
291 457 436 523 Heredes
456 457 512 546 qui
538 457 622 520 inl'ra
641 469 761 521 etatem
780 471 857 522 sunt
879 471 911 522 et
934 457 1057 522 suerint
1081 459 1116 522 in
1142 456 1321 534 custodia,

187 585 259 624 eum
277 560 318 624 ad
332 572 451 624 etatem
466 559 691 648 pervenerint,
707 560 879 623 habebunt
892 559 1111 624 hereditatem
1130 585 1228 624 suam
1248 560 1323 624 sine

188 667 311 730 relevio
331 679 365 730 et
384 667 461 730 line.

232 795 264 861 3.
292 798 412 860 Custos
425 806 513 860 terre
530 793 663 858 heredis
678 795 787 883 capiet
802 794 1016 858 rationabiles
1031 797 1157 874 exitus,
1171 819 1321 860 consue·

188 899 334 975 tudines‚
357 909 389 961 et
410 897 554 973 servitia,
579 896 649 961 sine
673 897 899 961 destructione
920 909 953 960 et
971 909 1063 960 vasto
1083 897 1263 961 hominum
1286 910 1321 960 et

189 1025 297 1066 rerum
321 1023 471 1076 suarum,
497 1011 530 1062 et
554 1000 581 1062 si
606 1012 718 1062 custos
743 1011 831 1062 terre
854 999 969 1062 lecerit
995 999 1262 1064 destructionem
1286 1012 1320 1063 et

189 1114 334 1180 vastum,
363 1100 492 1164 amittat
518 1101 721 1178 custodiam;
752 1113 784 1164 et
810 1113 922 1164 custos
950 1101 1153 1165 sustentabit
1176 1101 1317 1178 domos,

187 1229 317 1292 parcos,
337 1203 472 1282 vivaria,
491 1215 619 1290 stagna,
641 1203 830 1266 molendina
847 1215 879 1266 et
897 1215 1005 1266 cetera
1022 1202 1063 1266 ad
1080 1215 1204 1266 terram
1222 1203 1317 1266 illam

187 1307 406 1394 pertinentia,
435 1305 476 1368 de
504 1305 648 1368 exitibus
673 1317 761 1369 terre
787 1304 955 1391 ejusdem,
982 1317 1014 1367 et
1036 1317 1071 1367 ut
1098 1304 1243 1368 heredes
1271 1305 1317 1368 ita

188 1407 385 1471 maritentur
409 1431 451 1470 ne
474 1407 730 1495 disparagentur
759 1421 791 1470 et
819 1431 879 1495 per
903 1405 1078 1469 consilium
1103 1408 1316 1495 propinquo-

188 1533 259 1573 rum
279 1510 320 1573 de
341 1508 632 1596 consanguinitate
655 1533 722 1572 sua.

231 1651 263 1714 4.
290 1653 338 1714 Ne
357 1650 453 1714 vidua
472 1649 529 1713 det
547 1649 672 1736 aliquid
689 1675 749 1738 pro
765 1651 843 1713 dote
862 1674 937 1727 sua,
958 1650 1007 1712 vel
1028 1650 1218 1738 nraritagiO,
1235 1663 1316 1737 post

186 1754 361 1818 decessum
383 1751 490 1815 mariti
513 1752 580 1826 sui,
604 1751 661 1814 sed
681 1765 810 1816 maneat
828 1751 860 1814 in
885 1752 983 1815 domo
1002 1775 1057 1814 sua
1077 1776 1137 1838 per
1158 1753 1215 1815 .xl.
1238 1751 1315 1814 dies

187 1868 264 1943 post
288 1867 426 1918 mortem
448 1855 566 1940 ipsius,
592 1868 623 1917 et
648 1855 732 1917 infra
755 1855 931 1918 terminum
958 1852 1048 1916 illum
1069 1854 1262 1939 assignetur
1284 1853 1313 1917 ei

187 1958 269 2035 dos;
292 1970 324 2021 et
344 1956 551 2044 maritagium
575 1955 683 2019 statim
703 1956 823 2018 habeat
843 1969 875 2020 et
895 1953 1112 2018 hereditatem
1134 1979 1237 2018 suam.

232 2099 262 2162 5.
291 2101 360 2164 Rex
374 2099 425 2162 vel
444 2098 583 2162 ballivus
601 2122 667 2162 non
684 2098 797 2162 saisiet
815 2111 936 2160 terram
954 2096 1096 2184 aliquam
1116 2120 1176 2184 pro
1194 2096 1313 2162 debito

188 2201 265 2265 dum
281 2200 397 2264 catalla
415 2201 579 2264 debitoris
596 2199 782 2275 sufficiunt,
802 2223 861 2262 nee
877 2198 978 2286 plegii
999 2197 1160 2261 debitoris
1175 2197 1313 2262 distrin-

187 2317 319 2393 gantur,
340 2302 417 2365 dum
436 2303 587 2390 capitalis
607 2300 740 2364 debitor
758 2301 878 2364 sufficit
894 2299 934 2363 ad
952 2300 1168 2374 solutionem
1188 2301 1214 2362 si
1229 2324 1312 2363 vero

187 2403 337 2492 capitalis
358 2403 491 2467 debitor
511 2405 669 2467 defecerit
688 2403 722 2465 in
745 2403 932 2480 solutione,
956 2402 982 2466 si
1004 2400 1105 2490 plegii
1125 2401 1310 2479 voluerint,

188 2508 332 2570 habeant
356 2518 460 2568 terras
485 2505 664 2582 debitoriS,
691 2505 796 2568 donec
820 2503 969 2567 debitum
996 2504 1076 2567 illud
1101 2503 1312 2589 persolvatur

188 2609 302 2696 plene,
323 2607 385 2671 nisi
409 2606 560 2696 capitalis
580 2607 712 2670 debitor
733 2620 916 2670 monstrare
937 2607 1059 2693 poterit
1080 2629 1114 2668 se
1138 2629 1212 2668 esse
1232 2607 1311 2669 inde

188 2712 335 2798 quietum
357 2735 434 2800 erga
457 2709 598 2798 plegios.

232 2851 264 2916 6.
290 2853 361 2916 Rex
383 2875 449 2914 non
472 2851 635 2914 concedet
655 2849 751 2913 alicui
773 2851 888 2914 baroni
911 2851 999 2938 quod
1022 2849 1129 2936 capiat
1150 2848 1310 2912 auxilium

189 2954 228 3016 de
241 2953 355 3017 liberis
374 2952 565 3016 hominibus
583 2953 663 3026 suis,
680 2953 744 3014 nisi
760 2952 800 3015 ad
815 2976 936 3038 corpus
953 2976 1046 3016 suurn
1064 2951 1309 3029 redimendum,

188 3068 221 3117 et
243 3054 284 3118 ad
304 3053 489 3117 faciendum
515 3052 774 3140 primogenitum
796 3052 898 3115 lilium
921 3077 1014 3115 suum
1034 3050 1189 3128 militem,
1215 3052 1312 3116 etad

188 3157 442 3245 primogenitam
465 3155 565 3218 filiam
585 3178 676 3217 suam
696 3155 796 3216 semel
816 3153 1052 3230 maritandam,
1076 3166 1108 3216 et
1128 3155 1191 3218 hoc
1214 3153 1313 3217 faciet

188 3284 248 3346 per
265 3257 463 3320 rationabile
482 3256 652 3320 auxilium.

234 3397 264 3461 7.
292 3401 340 3463 Ne
353 3396 473 3484 aliquis
491 3400 593 3484 majus
611 3397 779 3460 servitium
798 3397 893 3460 l'aciat
909 3396 949 3460 de
968 3396 1064 3460 leodo
1082 3395 1195 3460 militis
1211 3420 1311 3483 quarn

190 3500 267 3562 inde
288 3499 442 3561 debetur.

234 3639 265 3704 8.
293 3642 336 3705 Ut
363 3641 548 3703 eommunia
577 3641 695 3726 placita
725 3664 789 3702 non
819 3653 1000 3726 sequantur
1028 3640 1152 3703 curiam
1184 3638 1311 3701 domini

190 3743 291 3830 regis,
305 3741 362 3804 sed
375 3743 586 3829 assignentur
597 3740 630 3803 in
643 3741 753 3828 aliquo
765 3753 856 3804 certo
867 3741 959 3819 loco,
974 3754 1006 3804 et
1017 3755 1050 3804 ut
1062 3740 1312 3826 recognitiones

191 3844 363 3931 capiantur
383 3843 415 3904 in
437 3842 561 3905 eisdem
584 3842 812 3918 eomitatibuS,
836 3842 869 3904 in
891 3845 979 3906 hunc
1004 3843 1134 3906 modurn
1159 3868 1164 3904 :
1195 3853 1230 3904 ut
1255 3867 1313 3906 rex

193 3946 298 4009 mittat
311 3946 392 4008 duos
401 3943 591 4031 justiciariis
603 3969 663 4032 per
677 3951 780 4007 .1111⁰‘.
790 3944 878 4007 vices
890 3944 922 4007 in
936 3968 1034 4021 anno,
1047 3944 1102 4031 qui
1114 3967 1187 4006 cum
1203 3951 1309 4032 .v111⁰‘.

193 4047 352 4112 militibus
374 4047 522 4133 ejusdem
543 4046 718 4108 comitatus
737 4044 852 4119 electis
873 4069 932 4132 per
952 4046 1156 4123 comitatum,
1177 4047 1312 4134 capiant

192 4151 310 4213 assisas
337 4150 378 4212 de
407 4173 486 4212 nova
512 4147 705 4226 dissaisina,
735 4161 841 4211 morte
868 4147 1105 4226 antecessoris,
1132 4161 1164 4212 et
1193 4149 1311 4213 ultima
