2796 4854
212 347 242 394 88
466 345 614 394 cudatus
631 345 692 392 DES
710 345 869 396 LIBERTES
886 345 1067 394 ANGthSES

212 465 273 522 laut
284 463 431 522 admettre
442 481 501 540 que
510 482 560 522 ses
573 462 777 540 dispositions
790 463 960 521 meritaient
972 463 1068 520 d'etre
1081 462 1212 520 inse'rdes
1220 463 1296 541 parmi

212 557 258 614 les
276 555 335 614 lois
351 555 650 614 constitutionnelles
669 557 709 614 du
725 575 879 634 royaume.
899 555 921 613 ll
937 556 1017 616 avait
1032 576 1065 614 sa
1081 555 1165 634 place
1180 558 1297 634 marquee

212 652 288 708 dans
304 661 392 707 notre
408 649 533 719 recueil,
550 661 579 708 ct
593 653 609 706 b
625 669 714 707 cause
730 651 767 706 de
784 669 817 708 sa
832 648 937 707 valeur
952 669 1078 728 propre,
1093 663 1122 708 et
1135 654 1150 707 a
1164 669 1245 707 cause
1257 650 1297 705 des

212 743 344 822 longues
360 755 389 800 et
404 743 547 800 ardentes
564 741 755 820 pole'miques
772 743 846 800 dont
861 742 882 799 il
896 763 913 800 a
928 745 975 800 dte
992 742 1106 822 l’objet.

252 837 293 896 Le
315 847 395 893 texte
415 837 454 892 du
473 859 486 889 u
507 847 600 893 statut
617 859 630 890 r
648 853 726 894 nous
745 855 761 892 a
778 837 824 892 ete
845 839 994 894 conserve
1012 832 1243 896 exclusivement
1259 854 1299 912 par

213 928 257 988 les
274 928 498 1006 chroniqueurs
517 952 522 986 :
541 927 668 986 Gautier
683 930 720 986 de
738 927 992 1007 llemingburgh,
1012 929 1055 1000 ll,
1075 930 1142 1000 152,
1160 928 1298 994 Cnitthon,

214 1022 237 1091 l,
253 1023 321 1091 390,
338 1032 395 1078 etc.
414 1021 438 1078 ll
451 1041 467 1078 a
480 1023 527 1079 ete
543 1020 683 1099 imprime
697 1023 772 1078 dans
786 1020 831 1078 les
847 1025 976 1078 Statores
989 1025 1025 1097 of
1034 1024 1081 1079 the
1094 1025 1198 1090 reolm,
1212 1021 1233 1091 l,
1248 1021 1298 1088 125,

212 1116 334 1192 d‘aprcs
365 1112 393 1173 l'e
422 1135 478 1172 ms.
511 1117 550 1172 du
580 1114 698 1193 college
722 1117 759 1172 de
788 1115 911 1192 Corpus
941 1115 1058 1174 Christi
1086 1117 1102 1172 a
1127 1114 1300 1192 Cambridge,
1365 1153 1366 1158 κ

213 1216 245 1264 n⁰
273 1209 342 1276 377,
374 1208 426 1286 qui
458 1220 504 1266 est
541 1228 581 1266 un
610 1207 723 1265 recueil
751 1209 788 1264 de
812 1219 922 1266 statuts
943 1207 1036 1266 ecrits
1068 1229 1104 1266 au
1134 1217 1197 1266 xrv⁸
1217 1206 1300 1265 siecle.

213 1299 399 1359 Blackstone
416 1321 430 1358 a
446 1301 550 1380 publie
562 1313 649 1358 notre
667 1312 786 1360 «statut
801 1325 827 1372 »,
844 1323 873 1378 p.
891 1321 961 1370 cxv,
976 1301 1098 1380 d'apres
1115 1301 1142 1358 la
1157 1301 1303 1377 chronique

213 1395 250 1452 de
269 1394 516 1474 Hemingburgh.
541 1395 625 1453 Nous
647 1415 743 1454 avons
765 1395 926 1473 reproduit
946 1415 1002 1454 son
1024 1407 1116 1466 texte,
1137 1396 1188 1474 qui
1209 1411 1304 1452 uousa

213 1509 289 1568 paru
306 1488 476 1566 preferable
493 1493 509 1546 a
525 1488 601 1547 celui
618 1490 672 1546 des
687 1492 826 1546 Statutes.
846 1488 893 1546 Cf.
913 1488 1043 1559 stubbs,
1061 1493 1156 1548 Select
1176 1490 1302 1552 chortem,

213 1601 244 1660 p.
264 1582 322 1642 497
332 1606 340 1654 ;
358 1594 388 1639 et
401 1585 521 1640 Constit.
541 1584 609 1638 hist.
629 1582 668 1651 ll,
683 1583 748 1640 142.
1369 1577 1370 1582 ’

415 1823 591 1910 (Statariam
612 1824 650 1885 de
672 1821 808 1910 tallagio
826 1847 889 1886 uon
910 1821 1124 1909 coneedendo)

458 1925 601 1989 Articuli
615 1931 731 1989 inserti
747 1933 779 1988 t'u
796 1927 923 2014 Magna
944 1925 1077 1988 Cartat.

260 2095 290 2159 1.
317 2095 451 2161 Nullum
475 2095 645 2186 tallagium
670 2097 720 2160 vel
748 2096 904 2160 auxilium
933 2120 993 2184 per
1021 2120 1082 2159 nos
1108 2095 1159 2160 vel
1186 2091 1308 2160 heredes

216 2210 348 2262 nostros
373 2198 413 2261 de
439 2211 549 2262 cetero
576 2200 609 2262 in
636 2223 739 2289 regno
767 2211 881 2262 nostro
905 2200 1096 2286 imponatur
1121 2223 1179 2262 seu
1201 2197 1310 2260 levetur

218 2299 290 2364 sine
326 2299 494 2364 voluntate
531 2314 563 2365 et
600 2325 736 2365 assensu
776 2300 943 2365 communi
978 2299 1309 2388 archiepiscoporum,
1376 2297 1377 2388 1

217 2403 449 2492 episcoporum
475 2417 508 2466 et
536 2403 674 2467 aliorum
699 2403 918 2492 prelatorum,
948 2402 1122 2480 comitum,
1150 2405 1310 2473 baronum,
1377 2407 1378 2484 1

220 2501 379 2582 militum,
414 2504 629 2593 burgensium
646 2517 685 2572 ,et
716 2505 854 2570 aliorum
884 2505 1063 2570 liberorum
1093 2503 1257 2569 homiuum
1285 2500 1311 2562 iu

220 2631 324 2698 regno
344 2619 457 2671 nostro
468 2607 491 2669 ¹².

262 2749 294 2813 2.
321 2749 438 2815 Nullus
458 2749 609 2813 minister
628 2762 743 2813 noster
763 2749 812 2814 vel
831 2750 992 2815 heredum
1011 2761 1201 2814 nostrorum
1221 2744 1314 2832 capiat

218 2852 334 2929 blada,
361 2852 468 2930 lanas,
489 2853 576 2916 coria
600 2865 654 2916 aut
675 2852 783 2939 aliqua
804 2853 866 2916 alia
888 2853 972 2917 bona
996 2856 1236 2940 cujuscunque,
1254 2850 1315 2911 sine

218 2954 387 3018 voluntate
406 2968 438 3020 et
454 2978 592 3018 assensu
613 2953 702 3018 illius
721 2957 813 3040 cujus
834 2955 957 3018 suerint
972 2953 1163 3041 hujusmodi
1181 2956 1271 3018 bona.

262 3095 294 3163 3.
321 3096 432 3162 Nichil
453 3097 602 3185 capiatur
617 3097 658 3159 de
675 3109 799 3174 cetero,
822 3097 957 3160 nomine
979 3096 1031 3160 vel
1055 3096 1228 3161 occasione
1245 3092 1316 3158 male

219 3200 314 3278 tolte,
333 3198 373 3262 de
390 3222 485 3262 sacco
504 3198 589 3262 lane.

262 3342 294 3406 4.
321 3341 480 3407 Volumus
501 3341 603 3405 eciam
623 3355 654 3406 et
675 3342 888 3406 concedimus
908 3367 970 3430 pro
988 3342 1085 3406 nobis
1105 3353 1137 3406 et
1152 3339 1317 3405 heredibus

219 3445 341 3510 nostris
357 3444 446 3532 quod
462 3468 576 3508 omnes
592 3444 705 3508 clerici
721 3458 754 3508 et
772 3443 855 3531 layci
877 3445 918 3507 de
937 3468 1040 3533 regno
1060 3457 1173 3508 nostro
1189 3442 1318 3505 habeant

219 3570 334 3610 omnes
357 3545 465 3634 leges,
487 3545 659 3609 libertates
686 3560 718 3609 et
740 3545 863 3610 liberas
889 3545 1147 3610 consuetudines
1172 3568 1257 3620 suas,
1281 3541 1318 3602 ita

219 3648 324 3712 libere
340 3660 373 3711 et
387 3650 517 3738 integre
538 3650 623 3713 sicut
643 3673 697 3712 eas
714 3648 825 3738 aliquo
844 3662 995 3736 tempore
1015 3649 1146 3737 plenius
1167 3660 1200 3711 et
1215 3644 1318 3710 melius

251 3882 274 3929 l.
292 3882 326 3928 Ce
337 3882 398 3928 titre
414 3887 453 3928 est
466 3883 551 3929 lourni
564 3899 613 3944 par
629 3883 736 3930 Gautier
748 3884 778 3929 de
791 3883 999 3945 Hemingburgh.

251 3945 274 3990 2.
292 3945 360 3990 Dans
378 3944 493 3991 l'ddition
510 3944 555 3991 des
571 3949 694 4000 Statum,
708 3953 748 3992 cet
767 3947 857 3992 article
876 3946 948 3992 solit
966 3945 1032 3991 ainsi
1051 3959 1055 3991 :
1072 3944 1179 3991 Nullum
1194 3939 1320 4002 tallagtum

221 4006 262 4052 vel
275 4007 400 4053 auxilium
414 4023 462 4069 per
476 4023 522 4053 nos
538 4008 579 4054 vel
595 4007 702 4054 heredes
720 4014 822 4054 nostros
839 4008 865 4054 in
879 4024 959 4070 regno
977 4013 1066 4054 nostro
1078 4013 1192 4068 ponatur
1205 4021 1248 4052 seu
1259 4003 1320 4049 leve-

221 4074 272 4124 tur,
291 4069 345 4115 sive
364 4071 497 4116 voluntate
517 4077 540 4116 et
563 4085 672 4116 assensu
691 4071 774 4116 tocius
796 4070 859 4132 (sict,
882 4070 1148 4134 archiepiscoporum,
1172 4069 1319 4130 episcorum,

221 4130 353 4184 comitum,
368 4131 505 4187 baronum,
518 4138 565 4178 cte.
578 4133 647 4178 Nous
658 4131 776 4178 donnons
789 4139 854 4179 cette
868 4132 985 4179 variante
998 4131 1168 4194 uniquemcnt
1179 4146 1244 4193 pour
1257 4139 1320 4174 mou·

222 4197 275 4238 trer
288 4209 337 4256 que
349 4195 373 4240 le
386 4201 453 4242 texto
468 4195 502 4244 du
514 4195 689 4258 chroniqueur
704 4200 743 4241 est
754 4195 910 4258 preferable.
