2796 4854
330 323 384 368 Vll.
402 347 432 356 -
449 318 580 368 GRANDE
598 317 728 366 cutavit
746 317 787 365 DE
805 317 905 366 llllNlll
923 317 977 392 lll¹
1174 317 1203 360 55

75 441 165 504 diam
184 438 283 502 illius
297 435 482 501 leodilirme
494 432 545 498 vel
559 430 704 523 soccagii
718 432 770 498 vel
785 431 950 523 burgagii,
969 431 1035 496 uisi
1050 432 1122 521 ipsa
1137 431 1202 496 seo·

77 542 210 606 difirma
235 540 358 620 debeat
376 535 551 604 servicium
571 535 724 602 militare.
743 537 810 602 Nos
830 559 896 600 uon
912 534 1110 600 habebimus
1127 557 1202 598 cus·

74 645 203 708 todiam
226 641 365 707 heredis
382 641 461 705 nec¹
480 652 569 705 terre
585 638 747 726 alicujus‘2
766 661 863 727 quam
878 649 969 702 tenet
984 637 1025 702 dc
1043 637 1128 702 alio3
1143 659 1203 726 per

76 743 260 814 servicium
276 744 430 822 militare,
445 741 620 808 occasione
634 741 773 828 alicujus
786 764 885 831 parve
899 739 1093 828 serjanterie
1105 764 1201 830 quam

75 861 169 914 tenet
190 849 235 913 de
262 848 359 913 uobis
381 870 441 935 per
465 842 639 910 servicium
660 842 823 908 reddendi
844 843 940 908 nobis
961 842 1130 922 cultellos,
1150 842 1201 906 vel

76 951 236 1043 sagittas,
260 951 313 1016 vel
330 948 532 1038 hujusmodi.

119 1107 164 1174 28
184 1105 267 1196 (38).
294 1107 411 1173 Nullus
427 1103 567 1170 ballivus
582 1116 684 1194 ponat
703 1103 859 1168 deoctero
878 1101 1019 1192 aliquem
1037 1101 1078 1166 ad
1093 1101 1201 1192 legem

75 1213 295 1300 maur'festam
312 1207 382 1274 vell
398 1209 443 1272 ud
455 1206 708 1298 juramentum⁵
724 1205 868 1296 simplici
890 1204 1022 1294 loquela
1040 1229 1111 1286 sua,
1128 1202 1200 1270 siue

76 1314 223 1379 testibus
246 1311 402 1378 fidelibus
421 1311 461 1376 ad
480 1311 543 1374 hoo
561 1308 720 1375 inductis.

119 1469 163 1534 29
189 1469 270 1558 (39).
300 1468 417 1535 Nullus
441 1466 527 1532 liber
548 1468 647 1530 homo
669 1465 826 1531 decetero
851 1466 1002 1556 capiatur
1021 1464 1072 1530 vel
1093 1462 1199 1554 inpri-

78 1584 216 1638 souetur
239 1582 298 1636 aut
323 1571 530 1636 disseisiatur
549 1571 588 1634 de
611 1569 722 1660 aliquo
744 1569 845 1633 libero
870 1582 1048 1633 tenemento
1071 1592 1131 1632 ruo
1153 1567 1203 1631 vel

79 1675 289 1739 libertatibus
306 1673 357 1740 vel
375 1674 486 1738 liberis
508 1671 796 1736 consuetudinibus
814 1671 914 1750 suist,
935 1682 991 1736 aut
1018 1670 1197 1760 utlagatur,

78 1789 131 1840 aut
153 1776 281 1856 exulet,
300 1788 355 1841 aut
371 1774 481 1864 aliquo
498 1773 583 1838 alio⁷
596 1774 695 1838 modo
714 1773 914 1854 destruatur,
933 1796 994 1838 neo
1010 1796 1109 1861 super
1125 1797 1199 1837 eum

80 1877 218 1961 ibimus,
243 1901 305 1944 nec
324 1903 425 1968 super
444 1901 518 1942 eum
539 1876 724 1956 mittemus,
748 1875 812 1942 nisi
831 1901 892 1966 per
911 1877 1017 1966 legale
1034 1874 1198 1964 judicium

79 1981 206 2068 parium
230 2005 377 2061 suorum,
395 1980 445 2045 vel
463 2005 523 2071 per
538 1980 645 2069 legem
659 1991 759 2044 terre.

122 2136 199 2224 (40).
228 2137 320 2204 Nulli
347 2136 544 2216 vendemus,
571 2135 655 2200 nulli
684 2133 879 2224 negabimus
911 2149 967 2200 aut
1004 2134 1197 2201 differemus

82 2251 204 2304 rectum
225 2239 279 2305 vel
295 2237 477 2328 justiciam.

121 2392 162 2459 30
181 2395 262 2482 (41).
289 2397 413 2460 Omnes
439 2408 654 2475 mercatores,
681 2396 747 2460 uiri
763 2395 895 2484 publice
917 2408 1019 2462 antea
1039 2394 1198 2484 prohibiti

78 2494 389 2581 fuerint,.habeant
415 2497 539 2562 salvum
563 2510 596 2562 et
619 2497 785 2562 securum8
815 2497 904 2563 exire
934 2498 976 2562 dc
1000 2495 1139 2586 Anglia,
1164 2509 1198 2561 et

81 2596 187 2664 venire
210 2601 246 2664 in
268 2599 436 2691 Angliam,
459 2613 491 2664 et
515 2600 647 2680 morari,
670 2612 702 2663 et
721 2600 769 2663 ire
791 2624 851 2690 per
870 2599 1024 2689 Angliam
1046 2612 1113 2664 tam
1136 2623 1196 2688 per

81 2707 198 2782 terram
215 2726 314 2792 quam
330 2726 390 2791 per
407 2703 546 2792 aquam9
559 2703 600 2767 ad
613 2702 787 2767 emendum
803 2703 886 2766 vell0
897 2701 1108 2767 vendendum
1122 2702 1194 2768 sine

82 2802 231 2870 omnibus
249 2805 342 2869 toltis
364 2804 458 2869 malis
481 2829 541 2894 per
562 2807 713 2895 antiquas
736 2817 769 2870 et
788 2819 895 2870 rectas
916 2806 1191 2884 eonsuetudines,

81 2917 288 2994 preterquam
310 2907 344 2972 in
367 2920 517 2996 tempore
539 2932 687 2998 gwerre,
708 2921 740 2972 et
764 2909 791 2972 si
814 2908 881 2973 sint
901 2909 942 2973 de
968 2921 1053 2973 terra
1077 2921 1193 2973 contra

82 3025 137 3066 uos
162 3008 350 3097 gwerrina3
372 3023 403 3074 et
431 3009 493 3074 si¹¹
521 3011 603 3076 tales
626 3009 835 3076 inveniantur
857 3010 891 3074 in
911 3024 1004 3095 terra
1021 3024 1133 3076 nostra
1158 3011 1190 3075 in

81 3105 242 3202 principio
264 3136 410 3203 gwerre,
438 3112 659 3178 attachieutur
680 3114 751 3178 sine
774 3114 919 3203 dampno
942 3138 1118 3203 corporum
1139 3114 1191 3180 vel

82 3229 197 3292 rerum,
216 3215 323 3280 donec
342 3214 495 3280 solatura
511 3216 608 3281 nobis
625 3216 676 3280 vel
692 3240 709 3279 a
725 3215 857 3305 capitali
871 3215 1057 3304 justiciario
1075 3229 1190 3282 nostro

82 3315 242 3395 quomodo
261 3329 461 3382 mercatores
480 3331 568 3383 terre
586 3332 699 3386 nostre
716 3332 911 3400 tractentur,
934 3321 990 3409 qui
1006 3332 1086 3384 tunc
1102 3321 1189 3384 iuve-

85 3485 1183 3513 Μ

110 3600 130 3647 1.
148 3603 169 3650 ll
180 3622 221 3668 ya
235 3613 259 3656 et
272 3608 336 3656 dens
350 3610 411 3658 1216
424 3610 483 3675 (art.
498 3610 538 3676 30)
551 3618 577 3660 et
591 3611 629 3660 vel
639 3611 705 3660 dans
717 3613 776 3660 1217
787 3613 847 3678 (art.
861 3613 909 3678 33).

108 3663 130 3709 2.
147 3665 216 3716 Dans
231 3671 291 3718 1297
306 3688 311 3719 z
326 3671 436 3735 alicujus
449 3678 523 3722 terre.

110 3725 132 3772 3.
148 3727 290 3782 Dans1297
305 3750 311 3782 :
325 3733 423 3798 aliquo.

110 3787 131 3833 4.
148 3789 216 3841 Dans
230 3797 290 3843 1297
304 3811 310 3844 1
324 3802 357 3844 et.

109 3849 130 3896 5.
147 3851 194 3902 Les
205 3864 272 3905 mots
287 3874 319 3906 en
332 3859 452 3931 italiquer
468 3863 759 3926 manqueutduns1216
772 3866 832 3922 (art.
844 3863 894 3912 tlt.

108 3912 131 3959 6.
146 3913 192 3964 Les
208 3927 277 3968 muts
292 3937 323 3968 en
337 3921 457 3986 itabques
471 3941 531 3972 man
552 3932 613 3974 uent
623 3927 689 3974 dans
700 3926 761 3974 1216
771 3926 832 3990 (ort.
845 3903 894 3990 32),

110 3973 130 4020 7.
147 3975 214 4028 Dans
230 3984 289 4030 1297
305 4001 310 4032 ;
324 3984 377 4031 alio
390 3985 478 4049 aliquo
492 3942 575 4035 meio.

109 4035 129 4081 8.
147 4039 204 4090 1297
217 4044 303 4108 ajoute
316 4063 321 4094 :
333 4049 493 4097 conductum.

109 4097 130 4144 9.
146 4101 212 4152 Dans
229 4109 288 4156 1216
300 4108 360 4172 (art.
373 4111 413 4175 31)
428 4127 433 4158 :
447 4129 538 4175 aquae.

98 4155 132 4205 10.
149 4163 215 4236 Dans
226 4171 287 4218 iare
300 4177 325 4219 a
337 4173 397 4218 1297
410 4189 416 4220 ;
427 4179 459 4221 a.

99 4217 132 4266 ll·
150 4229 174 4272 St
186 4233 250 4280 omis
264 4233 328 4280 dans
345 4235 414 4282 1297.
