2796 4854
168 355 239 402 XIII.
257 383 287 392 -
306 355 505 402 rusrrtxurus
523 355 564 402 DE
582 356 622 402 ta
640 355 769 402 GRANDE
787 354 917 402 CIIARTE
934 352 1093 417 (tter-1300)
1176 352 1205 401 91

88 472 256 534 habentes
276 484 309 534 et
328 483 451 559 gratas,
474 495 527 533 eas
547 494 607 560 pro
626 471 722 534 nobis
738 484 770 533 et
785 470 965 534 heredibus
987 468 1108 533 nostris
1126 493 1206 532 con-

89 573 243 636 cedimus
260 586 293 636 et
308 573 557 649 confirmamus,
576 597 696 661 easque
712 585 827 636 tenore
845 571 1049 660 presentium
1071 571 1207 635 innova·

90 699 180 752 mus,
199 675 350 738 volentes
366 688 398 738 et
415 675 635 738 concedentes
651 698 711 762 pro
727 675 823 739 nobis
840 687 873 739 et
888 674 1067 738 heredibus
1084 675 1206 738 nostris

89 776 179 863 quod
209 790 301 840 carta
325 776 535 864 predicta'in
560 776 714 840 omnibus
739 790 771 840 et
797 776 936 865 singulis
961 775 1029 839 suis
1058 775 1206 839 articulis

88 877 337 966 imperpetuum
361 878 499 942 firmiter
522 890 556 941 et
577 877 811 942 inviolabiliter
832 880 1038 954 observetur,
1060 878 1157 941 etiam
1179 877 1206 940 si

89 979 193 1066 aliqui
219 980 349 1044 articuli
377 980 408 1044 iu
435 980 547 1044 eadem
575 994 664 1043 carta
694 980 841 1044 contenti
868 982 1040 1067 hucusque
1068 977 1206 1041 forsitan

90 1106 154 1146 nou
178 1081 305 1146 suerint
323 1084 499 1146 observati.
520 1085 555 1146 ln
575 1084 667 1168 eujus
689 1083 736 1146 rei
753 1082 980 1148 testimonium
1000 1083 1059 1146 has
1080 1081 1206 1144 litteras

89 1196 223 1248 nostras
250 1182 321 1247 fieri
346 1183 482 1248 lecimus
504 1198 667 1271 patentes.
690 1189 788 1250 Teste
812 1184 976 1250 Eduardo
1001 1182 1068 1247 filio
1091 1195 1206 1246 nostro

89 1286 177 1373 apud
196 1286 532 1354 Westmonasterium
550 1288 748 1352 duodecirno
768 1289 822 1352 die
843 1288 988 1352 octobris
1008 1309 1094 1350 anno
1110 1283 1205 1374 regni

90 1388 198 1453 nostri
215 1388 374 1452 vicesimo
390 1390 518 1478 quinte.

128 1571 235 1648 Apros
258 1571 302 1628 les
326 1585 404 1629 muts
426 1596 432 1629 ε
453 1593 510 1628 non
531 1577 641 1647 fuerint
663 1575 823 1642 observati,
845 1573 1053 1649 l'Irzspeuimus
1071 1572 1108 1627 de
1130 1569 1207 1626 1300

90 1664 237 1722 continue
251 1677 280 1722 et
293 1665 421 1722 termine
434 1667 510 1724 dans
528 1666 572 1724 les
587 1680 700 1725 termes
717 1667 854 1725 suivants
873 1691 879 1724 :

133 1836 206 1900 Hiis
224 1837 366 1902 testibus
381 1838 627 1904 venerabilibus
644 1840 794 1928 patribus
813 1843 959 1906 Roberto
975 1835 1205 1903 Cantuariensi

91 1938 364 2028 archiepiscopo,
381 1939 483 2005 totius
499 1942 619 2031 Anglie
634 1943 792 2030 primate,
810 1941 955 2006 Antonio
971 1938 1204 2017 Donelmensi,

92 2041 236 2106 Ricardo
262 2042 501 2122 Londoniensi,
523 2045 663 2109 Ranulso
688 2045 837 2132 Elyensi‚
860 2048 885 2108 T
888 2045 985 2108 homa
1008 2043 1202 2121 Exoniensi,

91 2143 241 2210 Waltero
280 2145 508 2209 Coventriensi
549 2159 582 2210 et
610 2147 890 2234 Lyeheleldiensi,
929 2146 1064 2210 Simone
1097 2143 1205 2208 Saris-

93 2244 240 2308 heriensi
266 2248 282 2309 I
289 2297 295 2308 .
322 2249 388 2333 (sie)
407 2247 572 2326 hostensi,
599 2251 748 2313 Iohanne
772 2247 979 2314 Norwicensi
1003 2259 1035 2310 et
1056 2247 1207 2312 Iohanne

92 2347 298 2411 Laudaveusi
317 2348 495 2437 episcopis
513 2352 663 2415 Iohanne
681 2350 902 2415 Lincolniensi
919 2350 1038 2426 electe,
1056 2348 1206 2414 Iohanne

91 2445 130 2510 de
159 2451 328 2518 Warenna
354 2451 474 2514 comite
505 2455 657 2531 Surreie,
691 2455 816 2518 'l'homa
844 2454 964 2517 comite
996 2450 1203 2525 Laneastrie,

93 2549 224 2638 Rogero
253 2550 282 2614 lc
312 2551 427 2640 Bygod
451 2554 571 2617 comite
596 2555 774 2620 Norllolcie
799 2569 831 2618 et
856 2553 1049 2618 marescallo
1070 2550 1203 2640 Anglie,

92 2651 236 2716 llenrico
266 2652 307 2716 dc
338 2655 424 2740 Laey
452 2656 572 2719 comite
603 2657 785 2735 liineolnie,
813 2657 989 2744 Radulpho
1015 2656 1057 2719 de
1091 2656 1205 2718 Monte

92 2753 230 2817 Hermer
261 2755 380 2818 comite
414 2756 622 2821 Gloucestrie
657 2771 688 2821 et
720 2761 926 2834 Hertsordie‚
957 2756 1132 2822 Humlrido
1165 2755 1205 2818 de

90 2854 210 2919 Bohun
235 2857 356 2920 comite
383 2857 575 2924 llerelordie
599 2874 632 2924 ct
657 2862 809 2937 Essexie‚
837 2862 999 2948 Guydone
1024 2860 1064 2922 de
1092 2857 1205 2922 Bello-

92 2979 207 3045 campo
228 2957 348 3022 comite
369 2961 566 3039 Warrwicli,
588 2963 729 3028 Ricardo
749 2964 816 3027 filio
838 2963 934 3028 Alani
955 2962 1074 3026 comite
1095 2960 1204 3023 Arun-

92 3057 207 3139 dellie,
225 3060 412 3149 Reginaldo
432 3061 474 3127 de
494 3065 595 3154 Grey,
616 3066 763 3129 Iohanne
785 3066 825 3130 de
844 3065 1038 3152 HastingeS‚
1059 3061 1203 3125 Henrico

92 3159 131 3222 de
148 3164 264 3250 Percy,
286 3166 424 3252 Ilugone
442 3165 471 3228 le
492 3167 694 3253 Despeuscr‚
717 3169 856 3257 Hugone
877 3167 917 3230 de
935 3163 1203 3241 Veer‚iRoberto

92 3260 131 3323 de
168 3264 352 3341 Tateshall,
392 3269 528 3356 Ilugonc
568 3268 719 3347 Bardoll'‚
759 3273 898 3358 Hugone
938 3268 979 3330 de
1021 3267 1200 3350 Curteney,

92 3363 238 3429 Iohanne
263 3365 303 3428 de
331 3369 490 3456 Segrave,
515 3373 657 3434 Henrico
683 3371 724 3434 de
750 3375 847 3459 Grey‚
875 3368 1045 3438 Willelmo
1070 3367 1111 3430 de
1137 3368 1203 3431 Ros

92 3463 131 3528 de
146 3466 365 3555 llelmesleye,
381 3470 485 3535 Alano
501 3475 545 3536 La
561 3475 700 3550 Zusehe,
719 3475 864 3538 Roherto
881 3472 921 3535 de
935 3473 961 3536 T
964 3495 1041 3556 orry,
1056 3469 1203 3534 Roberto

93 3565 131 3628 de
153 3571 267 3632 Monte
287 3570 370 3648 alto,
393 3572 571 3642 Willielmo
594 3574 635 3638 de
657 3579 777 3654 Breus,
800 3575 926 3640 'l'homa
952 3573 993 3635 de
1016 3570 1202 3647 Furnivall,

92 3668 240 3734 Iohanne
258 3672 447 3762 Engaigne,
467 3677 565 3739 Petro
583 3677 722 3754 Corbu,
745 3676 925 3746 Willielmo
947 3675 987 3737 de
1008 3674 1201 3760 Leyburue,

93 3769 273 3836 Willielmo
305 3772 334 3835 le
362 3777 515 3854 Latimer,
543 3778 691 3846 Waltero
718 3779 758 3842 de
784 3777 995 3863 Bellocnmpo
1022 3773 1204 3838 senescallo

94 3869 227 3960 hospitii
254 3877 375 3952 nostri,
400 3880 550 3948 Waltero
575 3880 615 3944 de
642 3881 888 3945 Huntercumbe
913 3892 946 3942 et
972 3877 1057 3941 aliis.
1083 3879 1203 3941 Datum

93 3993 150 4055 per
184 3999 317 4039 manum
356 3994 500 4045 nostram
539 3983 628 4068 apud
670 3981 1004 4052 Westmonasterium
1046 3977 1203 4041 vicesimo

94 4087 205 4139 octavo
241 4076 295 4141 die
336 4085 443 4150 martii
480 4108 566 4151 alnoo
606 4085 699 4175 regui
739 4084 843 4152 nostri
883 4081 1037 4149 vicesimo
1074 4091 1200 4148 octavo.

94 4171 146 4258 (28
161 4201 247 4244 mars
266 4178 375 4274 1300.)
