2796 4854
202 337 233 384 32
461 333 610 382 CHARTES
628 332 689 384 DES
705 320 865 382 LIBERTssS
881 333 1063 382 ANGLAISES

205 449 385 527 hominem,
404 449 430 512 si
449 449 520 536 ipse
538 471 608 512 earn
632 447 740 512 fecere
763 471 827 512 uon
849 449 956 536 possit
975 462 1114 536 propter
1134 447 1289 512 racionabi-

205 552 271 617 lem
296 574 449 629 causarn3
475 563 508 614 et
534 550 561 614 si
589 573 648 614 nos
676 548 866 614 duxerimus
892 549 943 614 vel
970 549 1156 614 miserimus
1182 573 1247 614 eum
1266 550 1290 612 iu
1378 545 1379 552 '

206 652 399 730 exercitum,
418 653 481 715 erit
501 651 632 740 quietus
653 652 694 715 de
714 651 878 730 custodia,
900 652 1083 717 secundum
1102 651 1291 741 quantitatem

204 753 365 842 temporis
385 778 451 842 quo
471 778 530 842 per
552 778 612 818 nos
633 753 784 819 fueritin
805 754 964 818 exercitu.

249 909 303 974 30.
330 908 448 975 Nullus
477 909 677 987 vicecomeS,
712 908 763 972 vel
796 907 935 972 ballivus
968 921 1093 985 noster,
1121 907 1171 972 vel
1198 904 1292 992 aliquis

207 1012 309 1090 alius,
330 1011 441 1097 capiat
460 1033 563 1096 equos
587 1010 638 1074 vel
662 1021 803 1073 earettas
826 1009 964 1096 alicujus
986 1009 1082 1073 liberi
1100 1009 1231 1074 hominis
1249 1029 1294 1094 pro

207 1112 351 1202 caringio
373 1112 537 1190 faciendo,
562 1112 626 1176 nisi
650 1112 691 1175 de
715 1112 883 1176 voluntate
911 1111 1015 1200 ipsius
1039 1111 1137 1175 liberi
1160 1107 1291 1175 hominis.

249 1253 303 1318 31.
330 1256 399 1320 Nec
417 1278 478 1317 nos
497 1277 557 1318 nec
579 1251 690 1318 ballivi
709 1253 816 1317 nostri
836 1251 1003 1340 capiemus
1022 1251 1164 1316 alienum
1181 1253 1293 1316 boscum

205 1353 246 1419 ad
266 1368 372 1420 castre
391 1355 442 1420 vel
461 1355 523 1420 elia
542 1353 669 1444 agenda
687 1367 811 1432 nostru,
830 1353 894 1418 uisi
916 1378 976 1442 per
992 1353 1191 1419 voluntatem
1209 1351 1293 1440 ipsius

204 1459 298 1544 cujus
318 1458 440 1522 boscus
461 1457 517 1520 ille
538 1456 647 1521 suerit.

248 1597 302 1663 32.
329 1600 397 1664 Nos
412 1623 477 1663 non
492 1596 679 1664 tenebimus
693 1611 800 1662 terras
816 1596 950 1662 illorum
969 1598 1026 1685 qui
1041 1597 1181 1663 convicti
1195 1591 1294 1660 suerint

204 1700 245 1764 de
269 1699 401 1778 felonia,
424 1702 490 1764 nisi
512 1725 572 1789 per
597 1724 699 1766 uuurn
725 1723 848 1765 annum
872 1713 905 1764 et
930 1723 1032 1763 unum
1053 1699 1157 1779 diem,
1180 1710 1209 1762 et
1232 1709 1293 1760 tuuc

203 1802 386 1866 reddantur
403 1815 490 1867 terre
509 1802 652 1867 dominis
672 1801 857 1866 feodorum.

247 1942 300 2007 33.
329 1945 451 2008 Omnes
490 1943 605 2008 kidelli
636 1943 677 2007 de
709 1956 820 2008 cetero
853 1942 1065 2030 deponantur
1107 1941 1232 2032 penitus
1261 1936 1292 2000 de

203 2043 364 2131 Tambia,
387 2045 479 2110 etde
500 2045 703 2132 Medewaye‚
725 2057 757 2108 et
777 2069 837 2133 per
857 2057 960 2110 totam
981 2042 1152 2134 Angliem,
1174 2040 1232 2107 nisi
1249 2059 1294 2126 per

205 2158 368 2210 costeram
389 2148 500 2210 meris.

246 2287 300 2352 34.
328 2291 432 2352 Breve
459 2287 547 2376 quod
572 2301 706 2352 vocatur
727 2312 744 2349 u
770 2287 908 2375 Preoipc
932 2312 950 2350 n
973 2287 1014 2353 de
1038 2300 1149 2352 cetero
1173 2307 1232 2350 non
1252 2281 1293 2346 fiat

204 2389 303 2454 alicui
323 2391 364 2454 de
384 2388 494 2478 aliquo
510 2403 701 2455 tenemento
717 2390 806 2453 unde
826 2389 912 2453 liber
925 2391 1024 2454 homo
1044 2391 1192 2454 amittere
1209 2381 1295 2475 possit

206 2515 332 2556 curiam
348 2515 452 2556 suam.

248 2632 302 2698 35.
329 2635 400 2698 Una
420 2655 573 2696 mensure
591 2631 657 2696 vini
676 2632 719 2696 sit
738 2657 800 2722 per
819 2645 925 2696 totum
942 2657 1081 2721 reguum
1098 2643 1253 2706 nostrum,
1271 2637 1295 2688 et

204 2759 267 2799 una
287 2757 440 2798 mensura
457 2735 606 2813 cervisie,
625 2745 658 2798 et
674 2758 738 2798 una
756 2759 909 2799 mensure
924 2734 1027 2813 bladi,
1047 2733 1173 2800 scilicet
1189 2741 1295 2821 quarte·

203 2838 288 2900 rium
312 2836 558 2915 Londoniense,
581 2847 694 2900 etune
716 2836 856 2901 latitudo
879 2860 1064 2924 pannorum
1086 2836 1257 2900 tinctorum
1273 2840 1297 2891 et

203 2949 408 3002 russetorum
429 2951 462 3002 et
477 2937 773 3026 halbergettorum‚
791 2937 918 3002 scilicet
936 2938 999 3001 due
1015 2937 1092 3002 ulue
1108 2938 1190 3002 insra
1204 2935 1295 3006 listas,

202 3040 244 3103 de
260 3038 465 3126 ponderibus
486 3050 594 3102 eutem
614 3039 655 3102 sit
677 3051 711 3102 ut
729 3039 769 3102 de
791 3038 965 3103 mensuris.

247 3191 301 3256 36.
328 3192 439 3258 Nichil
455 3191 552 3255 detur
572 3194 622 3256 vel
635 3196 789 3280 capiatur
808 3193 848 3256 de
867 3205 977 3257 cetero
994 3217 1054 3281 pro
1072 3193 1164 3256 brevi
1183 3184 1298 3276 inquisi·
1384 3167 1385 3226 i

203 3293 310 3357 cionis
336 3293 377 3356 de
401 3293 467 3358 vite
491 3293 541 3358 vel
567 3294 740 3374 membris,
768 3307 818 3358 set
843 3293 946 3382 gratis
972 3294 1173 3359 concedatur
1194 3304 1225 3356 et
1245 3309 1298 3353 nou
1384 3329 1385 3368 3

204 3405 358 3484 negetur.

247 3535 301 3599 37.
332 3533 367 3598 Si
391 3535 509 3624 aliquis
536 3548 648 3600 teneat
669 3535 710 3600 de
730 3535 828 3600 nobis
848 3559 908 3624 per
930 3536 1164 3616 feodifrrmam‚
1188 3533 1236 3598 vel
1255 3551 1302 3619 per
1384 3523 1385 3550 ³

204 3637 390 3726 sokagium,
412 3638 463 3702 vel
482 3663 543 3727 per
562 3639 772 3726 burgagium,
794 3638 884 3701 etde
903 3638 967 3701 alio
988 3651 1109 3701 terram
1130 3649 1238 3702 teneat
1255 3653 1303 3722 per

205 3738 379 3804 servicium
405 3740 558 3820 militare,
583 3763 643 3803 nos
669 3763 734 3802 uon
758 3739 955 3804 habebimus
981 3739 1165 3803 custodiam
1188 3731 1304 3801 heredis

204 3865 265 3906 nec
281 3852 368 3904 terre
385 3865 442 3905 sue
461 3866 525 3929 que
543 3855 594 3906 est
612 3840 652 3905 de
668 3841 763 3904 feodo
783 3841 931 3919 alterius,
948 3842 1122 3905 occasione
1140 3841 1228 3906 illius
1247 3839 1305 3902 seo·

205 3942 348 4021 difirme,
364 3942 413 4005 vel
432 3941 571 4032 sokagii,
589 3942 640 4006 vel
657 3942 828 4032 burgagii3
847 3967 908 4006 nec
924 3942 1120 4007 habebimus
1137 3940 1305 4008 custodiam

204 4044 294 4108 illius
315 4044 518 4124 feodifirme,
541 4044 592 4108 vel
611 4043 755 4132 sokagii,
779 4044 829 4107 vel
848 4045 1016 4132 burgagii,
1038 4046 1102 4109 nisi
1124 4046 1195 4133 ipsa
1216 4039 1305 4108 feodi-

205 4149 299 4210 firma
317 4146 438 4211 debeat
455 4147 628 4210 servicium
647 4145 799 4210 militare.
819 4147 885 4212 Nos
906 4169 974 4210 uon
992 4145 1188 4211 habebimus
1209 4154 1305 4212 custo·
