2832 4868
202 320 231 368 10
453 319 603 368 cniarns
621 319 681 368 nus
701 305 861 368 arenariis
878 319 1059 369 incensus

202 436 354 502 custodia
373 436 570 500 clericorum
590 436 638 500 vel
658 437 839 524 proborum
856 437 1027 502 hominum
1047 438 1195 524 ejusdem
1218 439 1326 503 eccie-

204 540 251 604 sie
272 537 493 616 committam,
514 539 621 604 donec
642 551 755 626 pastor
774 538 932 603 canonice
953 540 1183 605 substituatur.

248 643 373 706 Omnes
391 642 581 706 exactiones
602 653 635 706 et
653 641 839 728 injusticias
855 653 888 705 et
906 641 1160 732 mescheningas
1177 643 1249 706 sive
1271 666 1327 730 per

203 741 415 807 vicecomites
435 744 485 806 vel
508 767 567 831 per
591 741 672 808 alios
697 743 866 830 quoslibet
891 743 974 808 male
998 743 1150 808 inductas
1176 741 1326 806 funditus

204 843 362 932 exstirpo.
381 847 490 909 Bonas
511 845 602 933 leges
624 856 657 909 et
674 845 827 932 antiquas
843 857 875 908 et
887 847 994 930 justas
1010 844 1277 910 consuetudines
1295 843 1325 906 in

204 946 349 1010 murdris
376 958 408 1011 et
434 947 565 1035 placitis
591 959 622 1011 et
652 946 724 1011 aliis
752 947 860 1012 causis
887 947 1072 1012 observabo
1098 958 1131 1012 et
1155 944 1326 1010 observari

203 1047 353 1136 precipio
367 1061 400 1114 et
415 1049 594 1113 constituo.
616 1051 683 1114 Hec
701 1049 810 1113 omnia
829 1049 978 1112 coracedo
996 1060 1029 1112 et
1047 1049 1219 1126 confirmo,
1239 1047 1325 1112 salva

206 1149 295 1241 regia
313 1162 345 1215 et
356 1152 445 1237 justa
461 1150 625 1242 dignitate
644 1175 726 1215 mea.

247 1253 403 1317 Testibus
422 1252 590 1322 Willelmo
607 1253 838 1318 Cantauriensi
853 1253 1119 1342 archiepiscopo,
1136 1265 1169 1317 ct
1182 1256 1326 1342 Hugone

204 1354 466 1442 Rothomagcnsi
487 1353 760 1442 archiepiscopo,
785 1367 818 1418 ct
838 1357 980 1418 Henrico
1003 1355 1231 1424 Wintoniensi
1255 1355 1325 1440 epi·

165 1509 168 1518 .
206 1480 326 1543 scopo,
359 1470 390 1520 et
422 1457 555 1545 Rogero
591 1456 838 1522 saresberiensi
869 1458 1045 1546 episeopo,
1076 1469 1108 1520 et
1135 1456 1327 1520 Alexandro

206 1557 433 1622 Lincolniensi
469 1557 645 1646 episcopo,
683 1572 715 1622 ct
750 1558 882 1647 Nigello
919 1558 1044 1623 Eiiensi
1079 1559 1260 1647 episeopo,
1297 1568 1327 1620 et

209 1660 353 1726 Evrardo
374 1661 581 1726 Norwicensi
602 1661 778 1748 episcopo,
797 1649 830 1724 et
853 1661 987 1725 Simone
1006 1641 1235 1751 Wigirrniensi
1261 1658 1327 1746 epi·

207 1787 324 1850 scopo,
352 1776 383 1826 et
415 1762 588 1826 Bernardo
619 1763 778 1850 episcopo
805 1763 846 1826 de
872 1764 906 1827 S.
937 1763 1078 1842 Davidc,
1106 1776 1139 1828 et
1162 1762 1326 1826 Audoeno

207 1863 404 1930 Ebroicensi
428 1863 604 1952 episcopo,
631 1877 663 1927 et
689 1864 832 1931 Ricardo
859 1863 1061 1930 Abrincensi
1088 1863 1267 1953 episcopo,
1296 1874 1326 1925 et

207 1967 354 2032 Roberto
375 1965 624 2030 Heresordieusi
641 1965 814 2054 episeopo,
837 1979 871 2030 et
891 1968 1040 2032 Johanne
1060 1964 1325 2032 Rovecestriensi

206 2068 381 2157 episeopo,
400 2081 433 2131 et
452 2066 621 2132 Athelulso
639 2068 824 2133 Carlolensi
846 2068 1018 2157 episcopo,
1040 2082 1073 2132 et
1094 2071 1227 2158 Rogero
1249 2091 1324 2131 carr-

207 2171 360 2250 cellario,
379 2184 412 2236 et
430 2170 572 2236 Henrico
588 2183 710 2258 nepote
733 2172 852 2260 Regia,
870 2185 902 2236 et
919 2172 1067 2237 Roberto
1085 2172 1206 2236 comite
1224 2171 1323 2237 Gioe-
1390 2187 1391 2192 ’

208 2274 340 2352 cestrie,
359 2285 391 2338 et
406 2272 575 2342 Willelmo
589 2272 710 2337 comite
724 2273 764 2337 de
778 2277 957 2353 Warenna,
975 2286 1008 2337 et
1022 2273 1186 2339 Rannulfo
1203 2274 1323 2337 comite

208 2376 349 2454 Cestrie,
362 2387 394 2438 et
406 2375 554 2440 Roberto
570 2376 690 2438 comite
706 2375 747 2439 de
763 2377 955 2453 warewic,
971 2388 1004 2440 et
1021 2376 1166 2441 Roberto
1178 2376 1221 2440 de
1232 2378 1321 2451 Ver,

208 2491 242 2542 et
254 2478 377 2542 Milone
391 2477 433 2540 de
449 2475 647 2554 Glocestria,
662 2489 695 2541 et
710 2476 861 2540 Brientio
878 2475 946 2541 filio
962 2478 1113 2558 Comitis,
1131 2490 1164 2541 et
1178 2479 1323 2542 Roberto

208 2577 250 2640 de
277 2575 366 2663 Oilly
397 2573 639 2654 conestabuliS,
669 2587 703 2638 et
735 2574 902 2644 Willelmo
926 2574 1097 2651 Martello‚
1128 2586 1160 2638 et
1186 2577 1324 2664 Hugone

208 2679 320 2766 Bigot,
340 2689 373 2740 et
392 2677 563 2742 Hunfredo
582 2678 623 2742 de
639 2679 772 2753 Euhan,
791 2688 824 2740 et
845 2676 980 2741 Simone
1000 2676 1041 2739 de
1058 2677 1215 2763 Belcamp
1232 2672 1324 2761 dapi-

208 2777 304 2858 l'eris,
330 2792 363 2844 et
385 2779 554 2848 Willelmo
576 2780 618 2843 de
641 2779 833 2856 AlbiniacO,
860 2791 893 2842 ct
917 2778 1053 2842 Eudone
1075 2778 1227 2842 Martello
1254 2777 1324 2866 pin-

210 2881 352 2960 cernis¹,
378 2895 410 2946 et
433 2881 581 2947 Roberto
603 2882 644 2946 de
667 2881 845 2958 Ferreriis,
868 2893 901 2944 et
921 2879 1092 2950 Willelmo
1116 2880 1269 2944 Pevrello
1287 2877 1324 2940 de

208 2980 1322 3072 Notingebam,etSim0nedeSaintliz,etWillelmodeAlbamarla,

210 3099 242 3150 et
262 3088 394 3174 Pagano
415 3085 483 3150 filio
503 3085 680 3161 iohannis,
706 3096 738 3148 et
761 3087 909 3148 Hamone
937 3084 978 3148 de
1005 3085 1127 3148 Sancto
1154 3083 1271 3162 Claro,
1296 3090 1325 3143 et

211 3189 334 3251 ilberto
354 3188 395 3252 de
416 3185 544 3250 Laceio.
575 3185 672 3274 Apud
694 3186 895 3250 Oxeneford.
920 3186 1016 3248 Anno
1037 3187 1077 3248 ab
1100 3186 1324 3249 incarnatione

211 3291 345 3354 Domini
362 3314 397 3353 n.
417 3313 446 3352 o.
465 3289 572 3364 xxxvi,
594 3301 644 3351 set
662 3287 755 3377 regni
773 3288 837 3350 mei
856 3288 999 3375 prim02.

242 3457 263 3502 1.
282 3457 316 3502 Le
335 3461 403 3502 texte
419 3455 508 3517 public
527 3471 576 3516 par
594 3456 750 3502 Blackstone
770 3462 845 3517 porte
864 3454 895 3500 ici
911 3453 1054 3516 pincernis,
1073 3470 1104 3500 en
1123 3461 1208 3501 toutes
1229 3456 1324 3503 lettres,

210 3533 323 3574 comme,
337 3517 389 3564 ala
404 3517 475 3579 ligne
488 3517 654 3578 precedente,
671 3517 810 3580 dapiferis;
823 3518 846 3563 le
863 3517 1005 3564 inc-simile
1022 3533 1072 3580 que
1087 3533 1152 3563 nous
1166 3533 1249 3564 avons
1264 3511 1327 3562 suivi

211 3580 295 3626 donne
306 3595 348 3626 ces
364 3585 430 3626 mots
441 3595 472 3626 en
486 3581 590 3641 abreget,
603 3580 633 3625 de
644 3580 704 3626 telle
718 3581 833 3626 mani'cre
844 3579 920 3642 qu'on
934 3594 965 3624 ne
979 3579 1079 3626 saurait
1090 3579 1145 3624 dire
1160 3579 1214 3626 s'ils
1227 3580 1326 3626 doivent

211 3645 264 3688 etre
281 3642 331 3688 mis
347 3657 380 3687 au
395 3641 523 3714 singulier
536 3658 568 3688 ou
582 3658 614 3688 au
628 3641 732 3703 plur-iel.
749 3643 770 3688 ll
783 3658 813 3688 ne
830 3648 892 3704 peut
934 3641 1007 3687 avoir
1021 3641 1051 3687 de
1067 3641 1145 3688 doute
1160 3657 1229 3703 pour
1242 3643 1266 3689 le
1279 3641 1325 3686 mot

211 3702 390 3758 conestabulus,
405 3720 447 3767 qur
464 3710 503 3750 est
515 3703 579 3750 ecrit
592 3703 752 3760 conestablis,
765 3719 827 3750 nvec
842 3719 890 3750 une
904 3657 1026 3750 ibmaee.

242 3767 265 3812 2.
283 3766 339 3812 Ala
351 3766 425 3828 place
438 3767 469 3812 de
482 3782 524 3812 ces
535 3773 627 3828 quatre
640 3766 757 3813 derniers
771 3773 848 3821 motu,
863 3765 889 3813 la
900 3766 975 3827 copie
988 3765 1019 3812 de
1032 3766 1134 3813 Hearne
1145 3763 1327 3829 (Blackstone)

211 3834 286 3890 porte
300 3843 306 3874 :
319 3827 344 3874 in
357 3828 484 3875 communi
495 3827 611 3875 concilio.

608 4009 694 4046 NOTES
711 4011 938 4054 Bloounrrnouns.

245 4111 291 4158 Les
307 4127 382 4158 nome
396 4113 442 4160 des
456 4112 567 4159 te'moins
581 4112 611 4159 de
624 4119 691 4159 cette
704 4112 793 4159 charte
805 4119 918 4174 penvent
931 4115 985 4158 etro
998 4129 1070 4160 ossen
1087 4113 1245 4168 taudement.
1261 4113 1325 4160 sinon

214 4172 331 4235 toujours
344 4176 397 4223 tres
411 4180 556 4232 surement,
573 4175 702 4222 identifies
719 4179 732 4221 a
750 4175 827 4222 l'aide
842 4173 874 4222 de
887 4173 985 4224 Stubbs
1002 4182 1026 4222 et
1041 4175 1072 4222 de
1088 4175 1215 4238 Dugdale.
1230 4177 1326 4240 Ajoutez
