2796 4854
195 315 225 362 u
448 311 597 360 curares
615 311 676 358 uss
693 297 855 362 erasures
872 311 1055 360 succursus

196 434 259 486 tulo
280 439 349 486 sont
369 429 494 506 separds
511 427 557 486 les
574 447 631 486 uns
647 429 701 484 des
722 440 823 486 autres
842 447 897 504 par
917 429 971 486 des
990 428 1118 498 alluens,
1133 428 1222 486 tandis
1243 448 1299 504 que

197 527 242 584 les
259 525 382 584 articles
399 527 436 582 de
452 526 480 582 la
498 525 621 583 Grande
640 524 752 583 Charta
771 537 841 583 sont
858 524 951 582 derits
969 529 984 582 a
1004 525 1032 582 la
1052 525 1131 584 suite
1145 524 1261 604 jusqu'a
1276 525 1302 582 la

197 619 247 678 fin.
266 620 350 678 Nous
364 639 459 678 avons
473 618 633 698 reproduit
646 617 672 676 la
686 618 910 676 numerotation
923 620 977 676 des
990 617 1123 678 editions
1137 620 1299 676 modernes.

112 1019 117 1026 ,
199 949 382 1014 Concordia
397 954 481 1012 inter
491 949 607 1036 Regem
623 949 648 1012 J
647 949 805 1012 olranucm
823 963 853 1011 et
867 949 1018 1012 Rorones
1030 975 1093 1036 pro
1109 953 1303 1014 concessione

424 1051 611 1114 libertatum
629 1051 760 1114 ecclesie
776 1064 806 1113 ct
821 1053 917 1139 regni
932 1050 1049 1139 Anglie
1061 1052 1085 1114 ¹.

242 1246 407 1310 lohannes
428 1246 489 1310 Dei
511 1246 620 1334 gracia
643 1269 699 1308 rex
718 1244 856 1334 huglie,
878 1245 1031 1310 dominus
1054 1246 1222 1323 Hibernis,
1245 1245 1307 1310 dux

1377 208 1380 315 l

1378 394 1380 463 l

197 1347 411 1426 Narmannie,
429 1347 629 1434 Aquitaunie
644 1359 677 1410 et
690 1370 799 1412 comes
815 1346 1018 1434 Andegavie‚
1036 1347 1304 1434 archiepiscopis,
1379 1364 1380 1375 ¹

196 1448 380 1536 episcopis,
410 1451 603 1526 abbatibus,
640 1450 833 1527 comitibus,
867 1450 1065 1526 baronibus,
1098 1450 1306 1536 justiciariis,

196 1551 393 1630 {brestariis‚
416 1552 683 1630 vicecomitibus,
706 1552 902 1638 prepositis,
927 1551 1087 1615 ministris
1107 1563 1140 1615 et
1158 1550 1307 1615 omnibns

198 1653 326 1718 ballivis
347 1666 379 1718 et
400 1653 554 1718 fidelibus
574 1653 641 1717 suis
662 1653 812 1718 salutem.
838 1653 957 1718 Sciatis
977 1679 1037 1717 nos
1058 1655 1181 1718 intuitu
1199 1652 1261 1717 Dei
1280 1664 1309 1714 et

197 1779 258 1843 pro
275 1756 379 1820 salute
393 1755 501 1820 anime
516 1767 627 1819 nostre
643 1769 675 1818 et
688 1755 835 1820 omnium
850 1767 1097 1820 antecessorum
1109 1769 1141 1819 et
1153 1754 1308 1818 heredum

198 1869 385 1921 nestrorum
402 1857 442 1920 ad
459 1857 613 1920 bonorem
629 1859 693 1920 Dei
707 1870 737 1919 et
757 1857 994 1920 exaltacionem
1014 1871 1127 1920 sancte
1145 1855 1307 1932 Ecclesie,

198 1972 230 2024 et
250 1959 522 2024 emendacionem
548 1960 641 2046 regni
664 1958 788 2036 nostri,
806 1984 868 2048 per
889 1960 1058 2021 consilium
1080 1959 1307 2022 reiterabilium

194 2076 330 2151 patrum
360 2076 560 2138 nostrorum,
591 2061 750 2148 Stephani
780 2063 1030 2124 Canticarieusis
1059 2061 1306 2148 archiepiscopi,

198 2169 300 2227 tocius
319 2163 437 2252 Anglie
452 2167 606 2250 primatis
624 2176 653 2224 et
670 2177 782 2226 sancte
795 2165 941 2226 Romane
962 2162 1092 2224 ecclesie
1112 2162 1307 2236 cardinalis,

1378 2106 1380 2177 l

198 2267 333 2328 Hearici
358 2264 567 2328 Dubiinensis
591 2265 844 2352 archiepiscopi,
881 2263 1036 2330 Willelmi
1060 2264 1307 2336 Londoniensis,
1379 2310 1380 2329 t

197 2367 294 2430 Petri
319 2366 565 2442 Wintouiensis‚
587 2364 744 2428 Joscelini
760 2367 994 2430 Ballioniensis
1010 2379 1040 2427 et
1064 2364 1309 2435 Glastoniensh,

201 2469 347 2554 Hugonis
380 2467 633 2544 Lincolniensis‚
681 2468 820 2533 Walteri
860 2470 1120 2556 Wygcrniensis,
1166 2464 1311 2532 Wilieimi

201 2571 450 2646 Cooentriensis,
473 2583 503 2630 et
519 2570 691 2632 Benedicti
706 2571 880 2656 Hoffinsis,
904 2575 1151 2657 episcoporum
1167 2567 1311 2656 magistri

201 2671 358 2755 Pandulfi
373 2671 498 2732 domini
505 2695 592 2757 pape
602 2671 799 2734 subdiaconi
811 2686 841 2734 ct
855 2673 1047 2759 familiaris,
1058 2671 1182 2759 fratris·
1196 2669 1309 2755 Ayme·

199 2775 263 2836 rici
279 2777 430 2860 magistri
449 2773 567 2835 milicie
586 2772 708 2860 Templi
724 2777 757 2834 in
772 2771 895 2860 Augila
906 2797 918 2853 ,·
934 2787 963 2836 et
990 2774 1146 2836 nobilium
1171 2779 1309 2835 uirorum

206 2875 360 2942 Willelmi
374 2874 565 2937 Mariscaili
576 2881 701 2936 comitis
716 2875 906 2953 Penbrocie,
925 2875 1082 2952 ¹Willelmi
1098 2877 1225 2938 comitis
1235 2875 1309 2936 Sar-

198 2963 348 3053 risberie,
370 2977 413 3042 W
411 2976 525 3040 illelmi
536 2978 662 3040 comitis
684 2975 870 3056 Warennie‚
900 2977 1054 3042 Willelmi
1069 2980 1195 3039 comitis
1210 2975 1310 3039 Arun-

199 3079 305 3156 deilie,
322 3077 427 3140 Alarri
439 3078 477 3140 de
498 3077 680 3162 Galerveya
697 3079 938 3142 constabularii
956 3081 1079 3154 Scocie,
1108 3078 1239 3142 Warini
1255 3072 1310 3158 filii

201 3181 346 3258 Geroldi,
369 3179 465 3242 Petri
484 3179 548 3264 filii
572 3181 753 3256 Hercberti,
779 3181 919 3242 Huberti
945 3181 984 3243 de
1009 3181 1122 3266 Burgo
1145 3173 1310 3242 senescalli

197 3283 356 3360 Pictaoie,
380 3282 527 3368 Hugonis
548 3280 586 3342 de
607 3280 750 3360 Neeilla,
770 3281 898 3344 Matbei
913 3281 978 3365 filii
995 3281 1177 3363 Hereberti,
1203 3279 1309 3344 Tlrome

198 3384 331 3463 Bassa,
366 3380 471 3446 Alani
496 3386 628 3458 basset,
659 3383 808 3470 Philippi
832 3383 871 3444 de
898 3380 1084 3461 bibiniaco,
1118 3383 1255 3445 Roberti
1277 3377 1310 3440 de

198 3485 347 3572 Happel„
364 3484 528 3547 Jobanuis
547 3484 747 3563 Mariscaiii,
765 3485 929 3548 Jolmnnis
945 3483 1009 3568 fita
1022 3484 1170 3571 Hugonis
1186 3499 1217 3547 et
1235 3481 1308 3544 alio·

200 3607 272 3646 rum
290 3581 438 3667 fidelium
459 3593 662 3643 nostrorum.

245 3723 275 3786 1.
302 3723 340 3784 ln
360 3721 476 3808 primis
493 3719 699 3786 concessisse
718 3725 788 3786 Deo
809 3735 840 3784 et
858 3723 919 3784 hae
935 3723 1084 3809 presenti
1099 3735 1187 3785 carta
1205 3730 1308 3785 nostra

199 3823 428 3901 confirmasse,
451 3846 512 3910 pro
534 3823 629 3887 nobis
651 3835 683 3886 et
704 3823 885 3886 heredibus
906 3824 1030 3887 nostris
1047 3825 1082 3886 in
1104 3836 1304 3912 perpetuum,

230 4034 252 4080 1.
269 4031 330 4078 Cote
341 4031 406 4078 mise
418 4047 451 4077 au
461 4031 508 4078 dos
523 4031 554 4077 de
564 4029 696 4092 l'originel
709 4030 739 4076 de
752 4030 867 4076 Lincoln.
882 4057 911 4066 -·
927 4031 997 4078 Nous
1018 4031 1116 4078 falsane
1133 4031 1267 4094 imprimar
1281 4036 1305 4068 en

199 4093 284 4141 lettres
297 4093 416 4157 italiquee
431 4093 469 4140 les
486 4099 561 4148 mats,
575 4092 686 4156 phrases
703 4099 728 4140 et
742 4092 847 4138 articles
862 4091 906 4154 qui
919 4109 950 4139 ne
966 4109 993 4140 se
1010 4099 1132 4142 trouvent
1145 4107 1194 4156 pas
1212 4092 1273 4138 daus
1285 4085 1306 4130 lt

201 4155 335 4203 re'daetlon
348 4155 481 4204 definitive
495 4155 526 4202 de
537 4156 605 4202 1225.
