2796 4854
317 380 371 430 Vll.
390 409 420 417 -
438 379 567 430 Garama
586 380 715 430 CHARTE
733 378 774 428 DE
791 379 892 430 HENRI
909 381 945 429 lll
1159 383 1189 430 lt9

114 497 205 589 4(4).
234 499 356 563 Custos
379 511 467 562 terre
494 495 685 585 hujusmodi
711 497 844 561 heredis
872 498 928 586 qui
954 497 1038 563 infra
1065 510 1186 566 etatem

76 599 170 664 luerit
186 625 255 664 non
272 601 381 688 capiat
397 600 439 664 de
456 613 542 664 terra
561 599 696 665 heredis
717 600 781 664 nisi
798 600 1011 665 rationabiles
1032 600 1139 666 exitus
1155 614 1188 666 et

76 701 285 768 rationabiles
308 703 568 768 consuetudines
595 715 628 767 ct
650 701 860 767 rationabilia
885 701 1040 782 servicia,
1067 716 1100 767 et
1124 704 1187 768 hoc

76 806 141 869 siue
165 803 393 871 destructione
417 818 450 870 ct
469 818 561 870 vasto
583 805 756 870 hominum
776 803 848 870 vcl1
873 829 1002 884 rerum;
1023 818 1056 870 et
1077 806 1106 870 si
1127 829 1187 871 uos

76 906 334 972 commiserimus
352 907 536 972 custodiam
556 905 695 994 alicujus
719 905 795 972 talis
816 919 904 972 terre
927 908 1113 972 vicecomiti
1135 908 1186 973 vel

76 1008 167 1073 alicui
187 1008 244 1074 alii
265 1009 323 1098 qui
343 1009 384 1075 de
402 1007 545 1074 exitibus
568 1022 657 1074 terre
679 1008 768 1074 illius
787 1009 884 1074 nobis
906 1009 1026 1075 debeat
1048 1034 1186 1099 respon-

76 1110 165 1192 dere,
188 1124 221 1176 et
243 1110 301 1176 ille
320 1111 581 1177 destructionem
601 1110 642 1176 de
664 1110 814 1176 custodia
835 1110 950 1177 fecerit
970 1112 1022 1176 vel
1040 1124 1185 1193 vastum,

76 1237 130 1278 nos
147 1215 187 1279 ab
205 1214 288 1278 illo2
305 1214 473 1303 capiemus
489 1214 675 1293 emendam,
694 1227 726 1278 et
742 1226 830 1278 terra
845 1213 1092 1280 committetur3
1107 1215 1186 1279 duo-

75 1315 131 1380 bus
157 1315 322 1407 legalibus
347 1330 380 1382 et
401 1316 555 1383 discretis
579 1314 771 1381 homiuibus
795 1316 838 1381 de
860 1316 958 1382 feodo
980 1315 1038 1380 illo
1063 1315 1119 1405 qui
1145 1317 1186 1382 dc

75 1417 234 1483 exitibus4
252 1418 349 1485 nobis
365 1419 589 1508 respondeant
605 1419 655 1484 vel
670 1420 702 1484 ei
717 1419 770 1483 cui
787 1421 868 1484 cos⁵
884 1418 1183 1509 assignaverimus,

76 1521 149 1585 etsi
169 1520 361 1587 dederimus
382 1521 432 1587 vel
451 1520 698 1587 vendiderimus
720 1521 818 1586 alicui
842 1521 1026 1586 custodiam
1048 1520 1186 1610 alicujus

75 1622 144 1687 talis
167 1636 275 1702 terre,
299 1638 330 1690 et
357 1624 412 1688 ille
439 1622 701 1688 destructionem
721 1621 800 1688 inde
825 1623 1017 1697 leceritvel
1041 1637 1183 1704 vastum,

76 1723 197 1790 amittat
222 1725 330 1815 ipsam
357 1725 541 1792 custodiam
566 1740 599 1792 et
625 1726 776 1790 tradatur
803 1724 933 1791 duobus
961 1726 1125 1815 legalibus
1154 1739 1187 1790 et

76 1824 222 1892 discretis
244 1826 438 1893 hominibus
463 1828 505 1892 de
527 1828 625 1893 feodo
652 1827 709 1894 illo
735 1829 791 1917 qui
819 1827 972 1893 similiter
996 1829 1092 1892 nobis
1116 1853 1185 1896 rca-

77 1929 257 2015 pondeant,
281 1931 368 1996 sicut
387 1930 574 2020 predictum
590 1944 652 1995 est.

115 2085 202 2174 5(5).
230 2088 351 2151 Custos
372 2099 493 2166 autem,
513 2085 670 2174 quamdiu
688 2085 872 2150 custodiam
888 2087 998 2150 terre6
1016 2085 1182 2165 habuerit,

77 2201 233 2252 sustentet
262 2187 390 2268 domos,
424 2211 554 2276 parcos,
584 2186 738 2260 vivaria7‚
771 2200 898 2278 stagna,
931 2189 1120 2254 molendina
1153 2205 1185 2255 et

75 2302 176 2355 cetera
203 2291 244 2355 ad
268 2303 391 2354 terram
411 2289 501 2354 illam
524 2289 732 2379 pertinencia
754 2289 796 2354 dc
816 2289 960 2354 exitibus
985 2303 1074 2356 terre
1097 2295 1186 2380 ejus-

75 2390 161 2471 dem,
179 2406 212 2458 et
233 2392 351 2458 reddat
372 2392 506 2473 heredi,
529 2417 601 2457 cum
623 2392 814 2480 adplenum
836 2405 956 2458 etatem
977 2396 1182 2482 pervenerit,

75 2503 188 2560 terram
206 2520 300 2561 suam
316 2502 418 2560 totam
438 2496 654 2560 instauratam
670 2493 711 2558 de
730 2494 857 2559 carucis
875 2495 927 2558 et8
942 2497 1093 2560 amnibus
1110 2495 1186 2560 aliis

75 2597 176 2677 rebus,
198 2599 245 2664 ad
264 2603 372 2661 minus
388 2597 565 2662 secuudum
589 2597 698 2688 quod⁹
718 2597 809 2660 illam
830 2603 960 2687 recepit.
986 2599 1053 2661 Hac
1073 2602 1187 2662 anzrria

75 2699 279 2765 observentur
296 2702 336 2764 de
359 2701 515 2766 custodiis
535 2701 893 2791 archiepiscopatum,
918 2706 1183 2790 episcopatuum,

74 2801 292 2882 abbatiarum,
310 2806 540 2892 prioratuum,
562 2803 775 2867 ecclesiarum
794 2818 824 2866 et
843 2805 1038 2892 dignitatum
1062 2826 1185 2867 vacan—
1237 2844 1240 2856 ·

75 2907 152 2968 cium
170 2931 233 2996 que
253 2907 300 2970 ad
321 2930 380 2970 uas
397 2910 579 2996 pertinent,
601 2919 734 2992 cacepto
754 2905 843 2994 quod
864 2905 1055 2993 ltrtjuamadi
1075 2921 1185 2970 crasta-

74 3005 120 3069 dte
137 3010 231 3073 rendi
247 3032 313 3072 nan
332 3009 460 3074 debent.

113 3149 196 3240 616).
225 3152 374 3217 Heredes
395 3151 591 3217 maritentur
608 3150 734 3239 absque
754 3149 1036 3239 disparagatione.

115 3291 198 3382 7(7).
225 3293 334 3362 Vidua
359 3307 434 3383 post
459 3305 596 3358 mortem
619 3289 728 3358 mariti
750 3291 799 3358 sui
823 3290 932 3356 statim
957 3305 990 3357 et
1009 3292 1080 3357 sine
1102 3291 1185 3358 dilli-

75 3393 187 3460 cultate
219 3397 335 3485 aliqua
368 3395 490 3460 habeat
525 3393 733 3485 maritagium
768 3418 863 3459 suum
898 3407 932 3458 et
964 3392 1183 3458 hereditatem

76 3518 175 3577 suam,
198 3521 259 3562 nec
280 3495 406 3586 aliquid
429 3497 486 3562 det
509 3522 569 3585 pro
591 3497 669 3562 dote
691 3521 748 3561 sua
771 3496 821 3561 vel
842 3521 902 3585 pro
927 3497 1100 3586 maritagio
1125 3520 1184 3560 suo

101 3743 121 3790 1.
139 3746 207 3794 Dans
221 3747 281 3795 1297
297 3762 301 3793 :
317 3751 349 3794 ct.

101 3807 121 3852 2.
140 3808 208 3856 Dans
220 3809 280 3856 1297
291 3824 296 3855 :
309 3813 346 3856 ea'.

92 3869 120 3916 ,3.
139 3871 206 3918 Dans
222 3871 283 3918 1216
297 3877 323 3918 et
336 3871 395 3919 1217
414 3887 419 3918 2
434 3871 616 3921 committatur.

99 3931 121 3976 1.
138 3933 197 3980 1297
211 3933 299 3996 ajoute
311 3947 317 3982 τ
329 3937 394 3980 terre
408 3933 488 3982 illius.

101 3995 122 4040 5.
139 3995 281 4043 Dans1297
297 4012 302 4042 ;
318 3993 357 4042 itti
370 3995 412 4042 cui
424 3995 490 4043 illos.

101 4057 122 4102 6.
142 4057 200 4105 1297
214 4058 301 4121 ajoute
314 4074 319 4105 :
334 4057 489 4121 hujusmodi.

103 4118 123 4165 7.
141 4119 174 4166 Le
187 4127 242 4168 mot
254 4120 351 4168 vivaria
364 4137 396 4168 nc
409 4137 436 4170 se
446 4127 537 4170 trouve
550 4137 598 4185 pas
609 4121 675 4170 dans
687 4120 807 4183 l'origine
817 4120 849 4167 de
862 4117 987 4168 Durham.

102 4181 123 4226 8.
141 4183 200 4230 1297
216 4183 303 4246 ajoute
318 4198 323 4230 :
337 4183 378 4231 de.

102 4243 122 4287 9.
141 4244 209 4292 Dans
223 4246 282 4294 1297
295 4262 300 4292 :
315 4247 351 4292 ad
363 4245 445 4294 miuus
457 4245 523 4294 sicut
536 4245 618 4295 illam.

136 4331 159 4372 C.
170 4333 264 4375 Bituour.
275 4355 301 4366 -
312 4334 394 4375 clauo
403 4334 436 4374 des
446 4333 522 4376 liberte's
532 4336 637 4388 anglaiser.
