2796 4854
264 332 293 400 V,
312 357 339 370 -
356 329 490 380 GRANDE
508 328 637 377 CHARTE
656 329 697 378 DE
714 329 795 378 tutu
814 329 895 380 stus
915 330 1022 379 TERRE
1172 335 1203 380 37

122 449 176 516 59.
202 447 274 516 Nos
289 449 452 537 faciemus
468 443 662 510 Alexandro
681 449 755 535 regi
769 447 953 512 Scottorum
974 447 1014 511 de
1033 449 1203 513 sororibus

80 555 159 632 suis,
180 565 212 616 et
229 551 396 616 obsidibus
412 549 598 629 reddendis,
616 562 646 611 et
661 547 866 615 libertatibus
882 551 965 629 suis,
986 563 1017 614 et
1026 553 1110 638 jure
1123 574 1198 633 suo,

80 655 261 718 secundum
282 654 428 742 formam
454 653 487 714 in
512 675 579 741 qua
597 652 761 738 faciemus
782 651 859 716 aliis
880 653 1060 717 baronibus
1081 658 1203 718 nostris

80 755 214 844 Anglie‚
229 797 230 802 κ
243 757 311 819 nisi
327 754 426 818 aliter
444 778 513 818 esse
534 753 651 818 debeat
663 777 728 842 per
746 769 860 820 cartas
876 779 961 844 quas
982 755 1140 820 babemus
1163 757 1202 820 de

88 857 248 924 Willelmo
261 871 360 947 patre
378 861 492 946 ipsius,
513 855 678 948 quondam
697 881 773 946 rege
791 859 997 941 Scottorum,·
1014 872 1045 922 et
1060 858 1121 923 ltoc
1140 861 1203 924 erit

78 962 318 1050 perjudicium
329 962 467 1049 parium
486 983 622 1022 snorum
645 961 790 1022 incuria
806 974 933 1024 na'stra.

122 1127 177 1196 60.
205 1133 330 1196 Omnes
351 1142 460 1194 autem
479 1127 559 1193 istas
583 1127 844 1194 eonsuetudines
861 1129 1028 1218 predictas
1050 1143 1083 1196 et
1099 1130 1200 1197 liber·

81 1243 163 1296 tates
184 1257 268 1322 quas
287 1255 347 1298 nos
364 1229 588 1297 concessimus
608 1232 643 1296 in
659 1254 763 1322 regno
783 1223 898 1296 nostro
916 1233 1078 1298 tenendas
1096 1258 1202 1323 quan·

81 1348 149 1399 tum
169 1335 211 1400 ad
232 1359 293 1402 nos
316 1336 464 1424 pertinet
483 1358 563 1426 erga
582 1347 729 1413 nostros,
749 1359 865 1400 omnes
885 1335 926 1400 de
946 1360 1050 1426 regno
1068 1349 1199 1412 nostro,

82 1448 145 1502 tam
169 1438 408 1527 cleriei1quam
433 1435 522 1518 laici,
547 1437 726 1504 observent
747 1449 906 1527 quantum
930 1437 1030 1504 adse
1055 1439 1202 1528 pertinet

84 1563 159 1629 erga
179 1565 271 1606 suos.

124 1707 177 1773 61.
207 1711 289 1774 Cum
311 1723 420 1774 autem
433 1734 500 1799 pro
518 1711 598 1788 Deo,
623 1722 654 1774 et
672 1709 719 1774 ad
736 1711 998 1775 emendacionem
1017 1716 1114 1800 regni
1130 1737 1200 1777 nos·

83 1814 139 1890 tri,
159 1814 253 1877 etad
270 1813 386 1878 melius
401 1812 591 1902 sopiendum
608 1813 808 1877 discordiam
833 1816 917 1876 inter
934 1837 992 1877 nos
1012 1828 1042 1877 et
1062 1815 1201 1881 barones

84 1929 207 1980 nostros
236 1929 357 1995 ortam,
380 1915 437 1979 ltec
461 1917 573 1979 omnia
588 1915 744 2004 predicta
768 1919 1035 1996 concesserimus,
1061 1917 1201 1983 uolentes

84 2041 120 2079 ea
135 2021 266 2108 integra
279 2031 310 2082 et
323 2017 426 2103 firma
438 2017 619 2082 stabilitate
636 2021 871 2106 inperpetuum
884 2018 1045 2108 gaudere,
1055 2021 1200 2111 facimus

84 2132 111 2180 et
135 2121 344 2184 concedimus
368 2125 414 2183 eis
440 2124 648 2184 securitatem
674 2120 914 2207 subscrqotam5
943 2121 1089 2186 videlicet
1114 2124 1203 2214 quod

85 2219 220 2286 barones
234 2222 360 2310 eligant
375 2225 492 2313 viginti
507 2227 649 2311 quinque
665 2223 805 2286 barones
822 2223 861 2286 de
876 2247 976 2313 regno
994 2249 1075 2314 quos
1091 2227 1199 2292 roluc-

85 2325 157 2404 rint,
177 2331 236 2414 qui
253 2325 392 2390 debeant
408 2349 469 2412 pro
491 2328 567 2390 totis
587 2327 709 2388 uiribus
726 2327 796 2388 suis
811 2326 1001 2407 obseruare,
1026 2341 1151 2407 tenere,
1170 2344 1200 2392 et

82 2424 189 2510 facere
214 2429 402 2507 observari,
418 2451 537 2516 pacem
556 2441 587 2490 et
607 2427 773 2490 libertates
794 2452 878 2517 quas
895 2433 941 2492 eis
963 2435 1195 2512 concessimus,

85 2540 112 2588 et
123 2528 184 2592 bac
190 2535 345 2619 presenti
358 2545 455 2594 carta
468 2543 583 2594 nostra
598 2529 884 2615 confirmavimus5
901 2533 948 2595 ita
962 2530 1084 2597 scilicet
1097 2536 1196 2623 quod,

84 2631 112 2688 si
122 2654 189 2712 nos,
206 2634 260 2698 oel
264 2635 481 2722 justiciarius
499 2646 620 2714 noster,
636 2631 687 2696 oel
697 2632 812 2695 ballioi
825 2637 941 2712 nostri,
958 2635 1008 2697 oel
1022 2635 1145 2726 aliquis
1159 2638 1199 2700 de

85 2733 238 2800 ministris
259 2738 398 2814 nostris,
422 2738 454 2797 in
478 2734 590 2824 aliquo
610 2759 691 2824 erga
711 2732 854 2824 aliquem
877 2735 1127 2825 deliquerimus,
1150 2740 1201 2802 oel

85 2833 219 2922 aliquem
242 2837 459 2902 articulorum
478 2840 574 2926 pacis
594 2851 652 2900 aut
666 2839 854 2901 securitatis
875 2843 1080 2927 transgressi
1089 2842 1197 2930 sueri·

84 2957 162 3015 utrm,
184 2954 213 3004 et
234 2941 388 3004 delictum
406 2954 569 3004 ostensum
587 2942 690 3029 suerit
709 2953 854 3029 quatuor
873 2941 1052 3006 baronibus
1066 2944 1105 3006 de
1118 2969 1196 3032 pre-

83 3035 170 3106 dictis
192 3044 313 3134 uiginti
333 3045 475 3133 quinque
493 3043 688 3121 baronibus,
715 3043 766 3106 illi
779 3057 923 3132 quatuor
942 3045 1082 3110 barones
1107 3071 1195 3110 acce·

84 3137 158 3204 dunt
178 3146 223 3209 ad
242 3169 301 3209 nos
322 3144 372 3209 oel
389 3145 435 3210 ad
441 3147 670 3233 justiciarium
689 3159 850 3226 nostrum,
873 3149 906 3210 si
917 3149 1080 3238 fuerimus
1100 3163 1196 3212 entra

83 3263 223 3330 regnum,
248 3261 469 3336 proponentes
495 3249 588 3312 nobis
612 3272 802 3330 eacessurn,·
827 3263 938 3336 petent
967 3264 1001 3313 ut
1027 3275 1194 3316 excessum

84 3342 165 3410 illurn
185 3353 259 3413 sine
278 3351 441 3414 dilacione
457 3353 626 3440 faciamus
641 3351 823 3414 emendari.
844 3354 889 3414 Et
905 3357 935 3415 si
950 3377 1009 3416 nos
1026 3378 1193 3418 excessum

84 3467 141 3510 tlon
164 3454 459 3533 emendaverimus,
491 3455 550 3531 rel,
572 3456 605 3515 si
621 3455 785 3542 fuerimus
805 3468 901 3518 entra
923 3479 1073 3544 regnum,
1089 3459 1195 3544 justi-

85 3552 199 3618 ciarius
224 3569 336 3620 noster
361 3579 426 3618 non
452 3557 673 3621 emendaverit
703 3557 792 3646 infra
820 3571 945 3644 ternpus
969 3559 1194 3647 quadraginta

84 3647 201 3723 dierum
233 3659 490 3746 computandum
521 3683 543 3720 a
576 3671 719 3746 tempore
749 3683 813 3747 quo
845 3673 1062 3723 monstratum
1090 3662 1195 3748 fuerit

85 3755 169 3821 nobis
185 3763 235 3828 oel
244 3763 440 3850 justiciario
460 3774 584 3840 nostra,
607 3763 639 3824 si
655 3775 752 3824 entra
773 3784 909 3850 regnum
925 3763 1101 3850 fuerimus,
1115 3788 1192 3851 pre-

84 3852 159 3921 dicti
172 3879 317 3952 quatuor
337 3863 477 3928 barones
493 3864 642 3952 referant
659 3887 795 3928 causam
816 3863 905 3928 illam
927 3867 974 3929 ad
990 3865 1138 3929 residuos
1153 3865 1193 3930 de

86 3955 143 4023 illis
157 3967 427 4058 vigintiquinque
446 3967 637 4045 baronibus,
657 3980 687 4030 et
703 3967 754 4030 illi
768 3969 1037 4056 vigintiquinque
1053 3968 1192 4031 barones

85 4080 149 4126 cum
178 4071 366 4135 communia
393 4072 496 4133 tocius
525 4083 612 4133 terre
639 4069 835 4158 distringeret
861 4083 891 4132 et
913 4071 1104 4158 gravabunt
1133 4093 1191 4134 nos

87 4167 181 4234 modis
199 4173 350 4240 omnibus
370 4173 488 4262 quibus
503 4186 675 4262 poterunt,
696 4173 818 4236 scilieet
831 4196 893 4260 per
912 4175 1096 4260 capcioneru
1116 4197 1189 4235 cas·
