2796 4854
163 329 193 376 er
417 323 566 374 cereres
585 323 645 372 nes
663 310 822 374 erar-:mes
840 324 1019 375 senenses

210 441 286 530 (31).
314 443 381 510 Nee
405 465 465 508 nos
488 463 548 506 neo
571 439 683 506 ballivi
706 439 810 508 nostri
835 465 892 506 nec
911 443 989 507 altit
1011 443 1170 534 capiemus
1193 443 1286 508 alie-

165 567 245 614 num
272 545 409 610 boscum
436 543 478 608 ad
501 556 608 608 eastra
635 543 705 608 velt
729 543 791 608 alia
817 545 946 634 agenda
976 559 1100 625 nostra,
1128 545 1192 612 nisi
1220 571 1290 635 per
1389 551 1390 568 ³

166 647 369 714 voluntatem
388 646 476 712 illius
490 648 584 734 cujus
601 647 721 712 boseus
739 645 796 712 itte
812 646 920 712 fuerit.

211 802 253 868 22
274 802 351 892 (32).
379 805 447 870 Nos
470 827 537 868 non
561 801 747 867 tenebimus
773 813 878 868 terras
903 805 1040 869 eorum3
1064 806 1119 894 qui
1137 805 1291 869 convicti

168 905 291 972 fuerint
309 905 350 972 de
368 905 506 984 felonia,
528 903 592 969 nisi
608 929 669 993 per
688 927 790 970 unum
810 927 932 970 annum
951 917 985 970 et
1004 929 1104 972 unum
1123 905 1231 986 diem3
1253 918 1291 971 et

168 1021 247 1074 tuno
268 1007 451 1074 reddantur
468 1007 576 1072 terre⁴
591 1007 735 1072 dominis
755 1005 938 1072 feodorum.

212 1163 254 1230 23
278 1163 353 1252 (33).
381 1165 505 1230 Omnes
526 1161 640 1228 tidetti
660 1163 815 1229 deeetero
835 1164 1047 1252 deponantur
1071 1164 1201 1254 penitus
1217 1189 1290 1254 per

168 1265 346 1334 Tamisiam
359 1279 392 1334 et
408 1265 623 1333 Medeweiam
638 1277 671 1330 et
683 1289 744 1356 per
757 1277 859 1331 totam
873 1265 1042 1357 Angliam,
1059 1267 1122 1332 nisi
1137 1292 1274 1356 percos

169 1381 273 1436 teram
294 1370 407 1434 maris.

210 1511 252 1576 24
269 1510 347 1600 (34).
374 1513 478 1576 Breve
493 1510 583 1600 quod
597 1521 732 1576 vocatur
747 1535 764 1574 e
783 1511 921 1600 Preeipe
938 1537 955 1574 n
972 1509 1129 1577 deoetero
1143 1535 1208 1576 non
1225 1511 1291 1578 fiat

167 1613 265 1680 alicui
293 1613 335 1680 de
365 1613 497 1702 aliqu0⁵
526 1624 729 1690 tenemento,
769 1611 857 1679 unde
892 1614 979 1678 liber
1015 1615 1115 1679 homo
1145 1614 1291 1704 perdat⁶

169 1741 292 1784 curram
314 1739 416 1782 suam.

212 1859 254 1925 25
273 1858 349 1948 (35).
376 1859 449 1925 Una
464 1881 618 1922 mensura
629 1855 697 1923 vini
712 1855 755 1922 sit
769 1881 830 1947 per
843 1870 949 1923 totum
965 1882 1104 1951 regnum
1117 1873 1286 1941 nostrum,

167 1976 200 2028 et
228 1985 293 2027 una
327 1984 481 2026 mensura
510 1961 659 2040 cervisie,
689 1972 722 2027 et
749 1984 814 2025 una
840 1985 992 2026 mensura
1022 1961 1126 2042 bladi,
1154 1961 1291 2031 scilieet

168 2065 372 2154 quarterium
396 2063 561 2142 london,
583 2076 616 2128 et
640 2087 704 2128 una
728 2061 869 2128 latitudo
892 2087 1077 2153 pannorum
1102 2065 1289 2132 tinctorum

169 2168 225 2233 et⁷
250 2181 468 2232 russettorum
488 2178 521 2230 et
539 2165 847 2257 haubergettorum,
868 2165 995 2232 scilieet
1015 2167 1079 2232 due
1101 2168 1178 2232 ulne
1199 2169 1289 2234 infra

169 2269 281 2348 listas;
301 2270 342 2333 de
360 2269 566 2358 ponderibus
586 2291 665 2332 vero
684 2267 728 2332 sit
744 2269 800 2333 ut8
815 2268 857 2333 de
873 2268 1048 2334 mensuris.

214 2411 256 2476 26
274 2410 349 2498 (36).
376 2409 486 2476 Niehil
501 2410 599 2475 detur
614 2410 656 2475 de
676 2422 787 2476 cetero
803 2435 864 2500 pro
885 2411 976 2476 brevi
996 2410 1223 2500 inquisitionis
1244 2415 1290 2478 ab
1395 2469 1397 2476 ,

170 2539 209 2580 eo
229 2515 286 2603 qui
304 2511 554 2603 inquisitionem
576 2511 660 2600 petit
679 2513 720 2576 de
739 2512 804 2578 vita
828 2513 905 2578 vel⁹
923 2513 1098 2594 membris,
1116 2527 1165 2579 set
1184 2515 1295 2605 gratis

170 2615 372 2684 coucedatur
388 2629 421 2681 et
438 2639 505 2680 non
520 2627 662 2706 negetur
672 2616 708 2679 ¹⁰.

215 2759 257 2826 27
273 2758 351 2848 (37).
379 2757 415 2825 Si
439 2757 558 2847 aliquis
568 2759 590 2804 ¹¹
612 2772 724 2824 teneat
744 2759 785 2823 de
810 2759 906 2824 nobis
929 2783 990 2849 per
1004 2760 1221 2825 seodifirmam
1238 2762 1292 2826 vel

172 2863 255 2953 [per]
266 2863 467 2952 sooeagium,
479 2861 530 2926 vel
542 2863 821 2953 perburgagium,
836 2875 868 2928 et
882 2862 923 2927 de
937 2861 1001 2927 alio
1015 2875 1137 2928 terram
1147 2865 1292 2929 teneatst'

172 2991 232 3055 per
252 2966 425 3030 servicium
444 2962 596 3046 militare,
616 2988 675 3029 nos
694 2989 760 3030 non
781 2963 978 3030 habebimus
997 2965 1180 3032 custodiam
1197 2967 1293 3032 here·

173 3069 224 3133 dis
244 3092 304 3134 nee
323 3080 412 3132 terre
432 3091 490 3132 sue
508 3092 572 3158 que
589 3080 639 3132 est
658 3067 701 3132 de
721 3067 818 3133 feodo
839 3065 987 3146 alterius,
1007 3069 1182 3134 oooasione
1200 3069 1293 3135 iltius

174 3170 369 3248 seodifirme,
388 3169 439 3233 vel
458 3170 613 3259 soeeagii,
632 3169 683 3234 vel
699 3168 870 3261 burgngfi,
889 3194 950 3235 neo
967 3171 1167 3236 habebimus
1182 3185 1293 3236 eusto-

204 3381 226 3428 1.
246 3379 294 3426 Ces
307 3377 375 3425 deux
388 3384 455 3426 mots
469 3384 528 3425 sont
540 3377 607 3428 omis
620 3379 685 3428 dans
701 3379 761 3428 1216
777 3379 836 3443 (art.
851 3381 898 3441 21).

205 3445 227 3490 2.
247 3443 306 3489 1297
320 3440 406 3502 ajoute
421 3456 426 3488 :
441 3440 486 3488 od.

205 3508 228 3552 3.
247 3503 390 3552 Dans1297
405 3518 410 3550 ;
425 3502 534 3550 illorum.

203 3570 228 3614 4.
248 3568 306 3614 1297
323 3565 408 3627 ajoute
423 3581 428 3612 :
443 3564 494 3611 ille.

205 3633 230 3677 6.
249 3629 309 3675 1297
323 3627 408 3688 ajoute
421 3643 426 3674 :
438 3627 526 3677 libero.

203 3694 226 3739 6.
245 3692 316 3739 Dans
333 3691 393 3736 1216
405 3706 410 3737 :
422 3689 538 3738 omittere
549 3690 629 3754 possit
642 3691 686 3756 (ei.
698 3691 724 3739 lu
738 3689 828 3740 eharto
840 3690 872 3740 de
887 3692 956 3750 121⁵,
972 3697 1021 3740 ort.
1037 3690 1087 3752 31).

205 3757 229 3802 7.
247 3755 280 3800 Et
292 3759 332 3800 est
344 3752 410 3800 omis
421 3752 567 3802 dans1297.

206 3818 227 3863 8.
248 3817 318 3864 Dans
331 3816 408 3862 1297;
422 3813 494 3862 sicut.

206 3882 229 3926 9.
249 3879 308 3926 1297
322 3876 408 3940 ajoute
422 3893 427 3924 :
441 3877 481 3925 de.

206 3942 243 3989 10.
263 3941 333 3988 Dans
350 3940 411 3986 1216
428 3941 486 3998 (art.
502 3939 541 4002 29)
558 3946 599 3986 eet
613 3941 704 3988 article
723 3948 762 3989 est
780 3942 847 3989 ainsi
863 3957 944 4004 oonqu
961 3957 966 3990 :
985 3939 1071 3989 Nichil
1086 3941 1164 3990 detur
1181 3944 1297 3992 dereterc

173 4021 220 4068 pro
234 4002 304 4050 brevi
316 4001 488 4112 inquisitionis
500 4002 532 4048 de
546 4001 598 4050 vito
612 4003 650 4050 vel
661 4003 787 4064 membris,
798 4005 934 4069 aedgratis
947 4003 1101 4052 concedatur
1113 4009 1138 4051 et
1150 4021 1203 4054 non
1220 4023 1297 4072 nege·

1299 4080 1305 4098 .

176 4072 218 4114 tur
232 4065 275 4130 (ef.
289 4066 316 4113 la
329 4082 342 4112 e
363 4071 418 4111 arte
429 4064 459 4110 do
472 4065 540 4122 1215,
551 4071 600 4112 art.
613 4067 661 4126 36).

208 4129 246 4177 11.
263 4129 333 4176 Dans
349 4127 410 4177 1297
426 4143 431 4175 :
446 4127 471 4175 ri
483 4125 567 4190 aliqui
579 4133 690 4176 teneant.

209 4191 246 4238 12,
266 4192 335 4239 Dans
351 4190 411 4238 1297
426 4205 430 4236 :
445 4194 547 4238 teneant
561 4195 664 4238 terram.
