2796 4854
321 362 374 412 vn.
394 389 422 400 -
439 362 570 414 GRANDE
588 361 717 412 CHARTE
736 362 777 411 DE
795 363 895 410 fluunt
912 363 948 411 111
1165 365 1197 436 57!

117 479 172 546 35.
199 481 325 549 Nullus
342 483 516 546 comitatus
532 481 679 545 decetero
699 493 861 558 teneatur,
885 481 950 544 nisi
970 481 1010 544 de
1031 503 1140 546 mense
1163 482 1196 544 in

77 607 240 662 inensem,
259 597 302 663 et,
321 584 377 648 uhi
390 585 501 672 major
517 587 674 648 terminus
691 607 760 647 esse
776 583 915 664 solebat,
932 585 1043 672 major
1055 584 1109 648 sit.
1127 583 1196 650 Nec

78 685 199 775 aliquis
214 709 324 752 comes
339 684 390 749 vel
405 683 563 749 ballivus¹
577 685 685 774 saciat
703 697 837 748 turnum
858 708 953 750 strum
970 708 1032 774 per
1049 684 1195 748 hundre-

77 789 152 852 dum
173 793 241 852 nisi
262 789 362 852 bisin
383 811 471 852 anno
492 801 523 851 et
546 811 611 852 non
630 788 697 851 nisi
713 791 746 851 in
765 787 834 851 loco
852 787 959 852 debito
979 800 1010 851 et
1028 801 1194 866 consueto,

78 889 224 956 videlicet
255 890 357 955 semel
377 904 453 980 post
480 889 615 954 Pascha
644 903 674 953 et
703 893 820 954 iterum
844 903 922 978 post
941 894 1062 979 festum
1089 892 1201 956 sancti

78 992 263 1058 Michaelis.
280 994 326 1058 Et
342 996 429 1058 visus
444 995 483 1058 de
497 994 617 1084 franco
628 991 737 1083 plegio
753 1007 830 1058 tunc
843 993 906 1079 fiat
919 994 965 1058 od
981 993 1073 1058 illum
1089 997 1196 1058 terrui·

79 1119 153 1159 num
171 1101 286 1160 sancti
302 1097 475 1161 Michaelis
494 1101 564 1160 sine
582 1101 765 1176 occasione,
789 1097 974 1162 itascilicet
992 1097 1081 1186 quod
1098 1097 1197 1187 quili-

82 1197 129 1261 het
147 1198 273 1263 hahent
295 1198 461 1264 libertates
483 1223 564 1264 suas
584 1221 669 1288 quos
690 1198 805 1264 hahuit
825 1199 878 1263 et²
892 1199 1014 1266 hahere
1033 1203 1198 1265 consuevit

82 1313 222 1388 tempore
240 1305 329 1390 regis
346 1301 484 1368 Henrici
495 1306 550 1370 avi
564 1305 681 1378 nostri,
703 1301 753 1367 vel
765 1325 850 1392 quos
861 1316 976 1392 postea
986 1304 1196 1392 perquisivit.

84 1409 155 1471 Fiat
170 1422 293 1472 autem
318 1412 405 1474 visus
429 1410 467 1474 de
485 1410 605 1500 franco
627 1407 736 1499 plegio
761 1413 827 1489 sic,
849 1408 995 1474 videlicet
1019 1410 1109 1500 quod
1127 1434 1199 1498 pon

85 1523 196 1574 nostro
216 1524 381 1592 teneatur,
399 1524 429 1576 et
446 1511 535 1601 quod
550 1510 696 1602 tethiuga
712 1515 840 1601 integra
854 1510 918 1576 sit³
934 1516 1019 1576 sicut
1037 1536 1106 1577 esse
1121 1535 1199 1576 can·

82 1617 195 1693 suevit,
211 1628 243 1678 et
260 1614 350 1705 quod
361 1617 535 1679 vicecomes
551 1637 616 1678 non
628 1628 748 1704 querat
761 1618 960 1696 occasiones,
978 1628 1008 1678 et
1020 1616 1109 1705 quod
1121 1638 1199 1678 con·

84 1727 186 1780 tentus
210 1722 255 1781 sit
280 1740 317 1780 eo
341 1718 429 1806 quod
450 1721 623 1782 vicecomes
649 1716 770 1782 habere
797 1718 962 1781 consuevit
984 1718 1024 1782 de
1048 1721 1117 1782 visu
1139 1741 1199 1782 suo

81 1816 235 1904 faciendo
253 1833 397 1907 tempore
416 1824 503 1908 regis
519 1821 656 1884 chrici
670 1823 726 1883 avi
743 1823 858 1884 nostri.

126 1958 180 2024 36.
205 1960 304 2029 Non4
319 1961 416 2026 liceat
435 1959 539 2025 alicui
556 1962 701 2026 decetero
718 1963 801 2026 clare
818 1973 941 2026 terram
958 1986 1055 2026 suom
1075 1963 1182 2028 alicui
1188 1963 1201 2007 5

86 2062 197 2128 domui
212 2065 376 2156 religiose,
393 2070 440 2129 ita
457 2065 546 2155 quod
561 2064 655 2128 eam⁶
671 2079 819 2130 resumat
834 2066 1006 2130 tenendam
1027 2066 1066 2130 de
1084 2067 1198 2132 eadem

87 2167 193 2249 domo,
217 2192 278 2232 nec
299 2165 399 2232 liceat
416 2167 521 2232 alicui
538 2168 650 2232 domui
668 2167 818 2258 religiose
837 2182 962 2233 terram
985 2168 1130 2256 alicujus
1152 2172 1200 2233 sic

88 2273 231 2360 occipere
251 2271 341 2361 quod
361 2271 475 2335 tradat
493 2269 584 2336 illam
604 2269 655 2333 ei⁷
672 2294 693 2334 a
713 2295 776 2360 quo
799 2273 903 2362 ipsam
926 2272 1068 2362 recepit⁸
1087 2287 1198 2337 tenen·

87 2369 172 2437 dam.
187 2373 312 2464 Siquis
329 2388 438 2438 nutem
454 2373 493 2438 cle
507 2387 612 2438 cetero
630 2387 753 2438 terram
767 2398 862 2438 suom
876 2375 980 2439 alicui
994 2375 1108 2440 domui
1119 2375 1199 2439 reli·

85 2475 172 2560 giose
197 2479 247 2541 sic
275 2476 417 2557 dederit,
440 2490 471 2542 et
492 2501 592 2566 super
617 2477 677 2542 hoc
698 2481 924 2556 convincatur,
951 2478 1073 2543 donum
1101 2501 1197 2542 suum

85 2579 211 2662 penitus
242 2591 403 2658 cassetur,
437 2592 468 2643 et
500 2591 590 2645 terra
623 2578 683 2644 illa
714 2579 844 2674 domino
879 2579 959 2644 suo9
993 2580 1081 2645 illius
1111 2582 1201 2672 feodi

90 2693 292 2746 incurratur.

128 2819 182 2885 37.
209 2825 404 2913 Scutagium
422 2824 568 2889 decetero
587 2827 743 2913 capiatur
753 2829 841 2916 ¹sicut
857 2831 934 2920 copi
946 2825 1073 2890 solebat
1083 2825 1108 2870 ¹⁰
1121 2839 1202 2890 tem-

87 2944 163 3008 pore
183 2931 271 3016 regis
288 2928 425 2991 Henrt‘vi
440 2931 496 2992 avi
516 2931 621 2992 nostri
630 2927 666 2991 ¹¹.
684 2930 728 2991 Et
746 2927 835 2994 salve
854 2933 919 2992 sint
932 2927 1201 3016 archiepiscopis,

90 3185 121 3216 on
133 3171 164 3220 tit
174 3173 287 3224 l’erticle
301 3175 406 3224 suivant
416 3174 455 3238 (n0
469 3176 510 3240 40)
526 3193 531 3224 :
545 3193 557 3224 n
570 3177 603 3224 Et
616 3176 638 3224 si
649 3193 694 3224 rex
704 3177 837 3226 Johsnnes
852 3182 928 3240 pstor
943 3183 1032 3224 noster
1047 3175 1205 3226 dissaieierit

91 3233 130 3280 vel
141 3235 305 3302 elongaverit
317 3237 461 3286 Wallenses
474 3237 505 3286 de
517 3239 596 3286 terris
608 3240 650 3288 vel
662 3238 829 3288 libertatibus
844 3241 885 3288 vel
898 3239 957 3286 eliis
968 3239 1047 3286 rebus
1058 3237 1113 3286 sine
1123 3238 1205 3302 legali

89 3293 184 3355 judicio
199 3299 306 3364 parium
321 3315 429 3348 suorum
442 3300 469 3347 in
482 3301 578 3364 Anglia
589 3301 631 3350 vel
648 3301 675 3348 in
689 3301 792 3360 wallia,
808 3302 845 3350 eis
863 3301 952 3350 stetim
970 3301 1128 3358 reddantur;
1142 3307 1168 3348 et
1183 3299 1204 3348 si

91 3361 219 3410 contentio
231 3378 311 3426 super
320 3360 368 3410 hoo
379 3367 436 3410 orta
447 3363 533 3422 tuerit,
543 3369 605 3411 tunc
615 3364 674 3412 inde
687 3365 734 3412 fiat
743 3365 770 3412 in
780 3363 896 3412 Maronia
903 3379 952 3472 ger
960 3363 1088 3426 judicium
1101 3363 1205 3427 parium

92 3435 197 3471 suorum
209 3425 242 3474 de
256 3423 411 3473 tenementis
426 3425 518 3488 Anglie
532 3425 674 3474 secundum
687 3428 771 3489 legem
785 3425 889 3490 Anglie,
921 3442 934 3472 e
946 3425 1101 3474 tenementis
1113 3425 1205 3472 wallis

92 3486 233 3552 secundum
248 3487 272 3534 le
294 3503 334 3536 em
348 3487 450 3545 Wossie,
468 3487 500 3535 de
517 3489 672 3537 tenementis
688 3489 802 3537 Marchic
818 3489 958 3536 secundem
974 3489 1059 3551 legem
1076 3485 1204 3543 Marchie;

91 3543 158 3594 1dem
171 3550 268 3599 sacient
312 3550 425 3597 sllenses
440 3549 516 3598 nobis
529 3557 555 3598 et
569 3552 675 3600 nostris.
689 3551 814 3617 nlComp.
828 3552 854 3599 la
864 3551 953 3600 charte
964 3551 995 3597 de
1006 3551 1074 3607 1215,
1087 3556 1136 3598 art.
1150 3549 1205 3612 56.)

121 3609 143 3656 1,
161 3610 222 3659 1297
238 3611 325 3660 a'oute
340 3627 345 3659 z
358 3628 427 3660 suus.

121 3671 144 3718 2.
161 3672 233 3722 Dans
250 3629 310 3722 1297
324 3691 329 3722 :
345 3673 389 3722 vel.

121 3735 143 3780 3.
161 3735 231 3786 Dens
243 3737 320 3784 12971:
334 3735 467 3800 theotinga
476 3741 594 3784 teneatur
604 3736 713 3805 integro.

122 3796 144 3842 4.
162 3797 233 3846 Dens
247 3799 307 3846 1297
320 3815 325 3847 :
338 3802 397 3846 Nec.

122 3859 145 3903 5.
164 3859 223 3909 1297
236 3867 306 3909 omet
319 3877 325 3908 ε
340 3859 428 3908 alicui.

122 3922 145 3966 6.
163 3921 238 3971 Illam
251 3923 316 3972 dans
328 3923 462 3988 l'originsl
476 3925 508 3972 dc
520 3924 629 3974 Lucock.

123 3982 145 4028 7.
163 3983 233 4033 Dens
247 3986 307 4033 1217
322 4002 327 4034 :
341 3986 402 4050 (art.
415 3987 456 4060 43)
471 4003 476 4036 :
491 3985 606 4035 camilli.

124 4045 147 4090 8.
165 4046 235 4096 Dens
246 4049 324 4096 1217:
339 4066 393 4097 rece
412 4055 467 4098 erit.

125 4108 147 4152 9.
166 4113 215 4158 Suo
226 4110 294 4159 omis
308 4110 373 4158 dans
399 4113 454 4160 297.

126 4167 163 4216 10.
181 4173 251 4221 Dans
265 4174 325 4220 1217
339 4173 400 4237 (ert.
413 4174 454 4238 44)
469 4191 474 4224 ;
491 4174 627 4224 consuevit.

128 4229 163 4279 11·
182 4234 216 4284 La
229 4235 265 4284 fin
279 4235 310 4284 de
326 4235 436 4284 l'article
450 4253 561 4301 mnnque
576 4235 642 4286 dans
658 4239 717 4288 1217
