2796 4854
274 323 303 369 V.
321 349 350 358 ·-
368 321 499 370 GRANDE
518 321 648 368 catere
667 319 708 368 ue
726 320 805 369 tuan
824 321 905 370 SANS
924 323 1031 372 Tuane
1183 327 1213 372 39

82 442 223 530 fecimus
247 441 295 503 eis
318 438 397 524 fieri
416 438 543 502 litteras
567 437 801 502 testimoniales
821 451 975 526 patentes
998 441 1123 504 domini
1143 442 1210 506 Ste-

81 544 189 631 pltani
218 542 474 606 Cantuariensis
503 541 751 630 archiepiscopi,
780 539 907 605 domini
930 542 1069 606 Henrici
1097 545 1212 608 Dubii·

84 647 194 708 nensis
213 643 466 732 archiepiscopi,
485 657 515 706 et
532 646 756 731 episcoporum
766 643 994 730 predictorum
1013 659 1043 708 et
1060 649 1215 735 magistri

84 746 261 832 Pandulfi‚
280 771 379 835 super
394 747 572 812 securitate
589 749 653 810 ista
671 759 702 809 et
715 747 977 810 concessionibus
988 748 1165 838 prefatis¹.

127 886 183 952 63.
213 888 332 976 Quare
348 888 495 954 volumus
511 902 541 951 et
554 888 698 973 firmiter
709 890 910 976 precipimus
920 889 1009 976 quod
1021 885 1210 977 Anglioana

85 990 223 1054 ecclesia
242 990 350 1054 libera
363 995 406 1055 sit
421 1005 450 1055 et
467 991 556 1081 quod
571 991 716 1054 homines
733 993 764 1052 in
781 1014 882 1079 regno
894 1004 1005 1054 nostro
1023 992 1211 1056 habeantet

86 1105 219 1156 teneant
234 1117 348 1156 omrtes
357 1094 512 1183 prefatas
528 1093 707 1172 libertates,
717 1095 818 1181 jura,
833 1106 863 1156 et
878 1096 1113 1172 concessiones,
1132 1095 1210 1158 bene

86 1208 114 1256 et
134 1197 165 1258 in
176 1219 278 1284 pace,
298 1195 397 1260 libere
415 1207 445 1259 et
458 1197 576 1285 quiete,
590 1195 690 1283 plene
705 1208 735 1258 et
753 1196 889 1283 integre,
908 1195 974 1258 sibi
989 1209 1019 1258 et
1035 1195 1210 1260 heredibus

85 1299 164 1376 suis,
183 1299 223 1362 de
241 1299 337 1362 nobis
352 1312 383 1362 et
397 1298 571 1362 heredibus
586 1300 719 1378 nostris,
743 1300 774 1360 in
789 1297 939 1361 omnibus
956 1297 1053 1362 rebus
1068 1312 1098 1362 et
1116 1298 1207 1378 locis,

87 1401 116 1461 in
124 1413 339 1488 perpetuum,
354 1403 439 1464 sicut
448 1401 635 1488 predictum
651 1412 709 1464 est.
725 1401 882 1464 duratum
897 1413 944 1464 est
959 1413 1068 1464 autem
1085 1413 1153 1466 tam
1169 1426 1210 1466 ex

84 1515 178 1588 parte
209 1516 329 1568 nostra
355 1525 454 1592 quam
485 1526 526 1566 ea
554 1516 653 1592 parte
684 1502 864 1580 baronum,
894 1503 983 1591 qnod
1012 1503 1070 1567 bec
1097 1507 1210 1568 omnia

86 1604 282 1692 supradicta
309 1605 395 1668 bona
420 1605 487 1690 fide
514 1619 543 1668 et
566 1607 637 1668 sine
664 1605 752 1670 malo
780 1608 907 1693 ingenio
933 1604 1206 1670 observabuntur.

91 1705 117 1767 T
113 1707 235 1771 estibus
250 1707 453 1796 supradictis
465 1721 496 1770 et
508 1706 619 1770 multis
633 1705 721 1772 aliis.
731 1708 823 1770 Data
832 1731 896 1793 per
911 1730 1044 1770 manum
1061 1721 1207 1773 nostram

89 1809 118 1869 in
129 1823 228 1896 prato
237 1809 329 1902 quod
337 1822 473 1876 coeatur
486 1809 657 1874 Rouimed.
675 1811 759 1873 inter
780 1807 1020 1875 Windlesoram
1032 1823 1062 1872 et
1075 1810 1205 1888 Stanes,

88 1913 196 1995 quinto
223 1913 349 1975 decimo
370 1911 422 1975 die
436 1913 540 1999 junii,
565 1933 653 1978 anno
674 1913 771 2002 regni
787 1914 893 1975 nostri
913 1910 1036 1974 decimo
1058 1914 1206 2000 septimo.

118 2078 138 2124 1.
156 2079 230 2127 Voici
248 2080 273 2127 le
293 2085 361 2127 texte
374 2080 405 2126 de
417 2096 459 2127 ces
472 2079 564 2128 littere
577 2078 780 2128 testimoniales:
793 2079 921 2126 Omnibus
932 2078 1031 2126 Christi
1039 2079 1162 2128 fidelibus
1175 2080 1208 2127 ad

89 2155 149 2201 quos
173 2157 285 2203 presens
312 2142 439 2204 scriptum
465 2142 625 2204 pervenerit,
654 2142 802 2204 Stephanus
827 2141 872 2188 Dei
897 2141 988 2204 gracia
1011 2139 1207 2191 Cantuariensis

88 2201 311 2266 archiepiscopus,
330 2205 413 2251 tocius
431 2205 469 2250 An
491 2204 525 2251 lie
540 2204 640 2266 primas
659 2210 684 2250 et
699 2209 787 2250 sancte
804 2219 909 2250 romane
927 2204 1034 2250 ecclesie
1051 2204 1207 2263 cardinalis,

89 2263 220 2320 llenrieus,
231 2266 324 2314 eadem
337 2267 427 2328 gracia
438 2222 605 2313 Dublinensis
618 2266 841 2329 archiepiscopus,
850 2265 997 2312 Willelmus
1009 2266 1207 2324 Londuniensis,

90 2325 176 2374 Petrus
186 2327 382 2384 wintoniensis,
394 2329 540 2376 lescelinus
553 2327 736 2376 Bathoniensis
753 2333 779 2375 et
796 2327 995 2384 Glastoniensis,
1012 2329 1053 2374 Hu
1073 2344 1087 2375 o
1105 2328 1208 2377 Lincul-

89 2387 197 2445 niensis,
223 2391 354 2439 Walterus
380 2390 582 2453 wigorniensis,
610 2390 756 2438 Willelmus
783 2389 976 2437 Coventriensis
1000 2395 1025 2437 et
1052 2345 1208 2438 benedictus

90 2448 222 2510 Roffensis,
239 2453 329 2500 divina
346 2453 517 2500 miseracione
531 2451 657 2516 episcopi,
678 2458 703 2499 et
720 2452 847 2514 magister
864 2451 1008 2498 Psndullus
1026 2451 1125 2500 domini
1139 2469 1208 2516 pape

90 2511 263 2562 subdiaconus
274 2521 300 2562 et
313 2515 460 2571 familiaris,
477 2515 590 2562 salutem
604 2515 631 2562 in
645 2513 762 2562 Domino.
782 2513 876 2561 Sciatis
889 2530 936 2561 nos
949 2514 990 2560 ins
1011 2513 1095 2562 exisse
1107 2521 1208 2563 cartam

89 2589 163 2634 quam
174 2576 296 2624 dominus
308 2583 396 2624 noster
406 2577 538 2624 iohannes
551 2577 664 2624 illustris
675 2593 720 2624 rex
729 2577 822 2638 Anglie
834 2576 894 2624 fecit
905 2530 1054 2632 comitibus,
1064 2577 1208 2626 baronibus

90 2640 113 2680 et
125 2636 215 2686 liberis
230 2639 380 2688 hominibus
394 2640 448 2686 suis
461 2639 554 2702 Anglie
564 2639 595 2685 de
608 2639 729 2686 libertate
742 2644 830 2685 sancte
843 2638 952 2686 ecclesie
964 2643 990 2685 et
1000 2638 1167 2688 libertatibus
1183 2647 1208 2688 et

90 2696 175 2746 liberis
190 2701 426 2749 consuetudinibus
441 2701 495 2748 suis
509 2701 608 2749 eisdem
620 2702 653 2748 ab
669 2717 698 2749 eo
711 2700 842 2749 concessis
856 2701 905 2748 sub
917 2699 966 2747 hac
981 2702 1064 2748 torma
1078 2700 1172 2810 :JSuit
1183 2703 1207 2749 le

90 2763 153 2808 texte
167 2762 199 2809 de
214 2765 241 2811 la
251 2763 355 2813 Grande
368 2763 463 2812 Charte
476 2764 506 2810 de
518 2763 604 2828 leam]
617 2764 650 2810 Et
663 2777 694 2810 ne
708 2763 768 2810 huic
782 2765 863 2810 forme
877 2762 994 2836 predicte
1008 2763 1089 2826 aliqui
1122 2765 1207 2826 possit

91 2821 148 2869 addi
166 2823 257 2873 veleb
275 2825 366 2874 eadem
385 2826 485 2889 aliquid
504 2825 589 2888 possit
608 2825 728 2872 subtrahi
745 2826 788 2872 vel
804 2825 899 2881 minut,
919 2824 980 2872 huic
1000 2826 1098 2934 scripto
1118 2826 1207 2890 sigilla

91 2890 175 2932 nostra
193 2889 377 2952 apposuimus.
396 2889 459 2950 Voy.
476 2891 588 2936 Statutes
607 2889 640 2950 os
650 2887 692 2936 tbe
707 2887 800 2943 realm,
820 2889 846 2944 1;
866 2886 986 2936 Cbarters
1005 2887 1039 2950 os
1063 2888 1164 2936 iberties
1181 2888 1207 2952 (a

90 2943 114 2990 la
126 2947 224 3014 Table),
235 2951 339 3012 d¹apres
351 2967 362 3060 i
376 2951 400 2998 le
409 2951 464 2998 Red
474 2951 542 2998 book
554 2951 583 2998 ol
591 2949 634 2998 the
644 2951 795 3014 Exchequer
805 2965 816 2996 r
828 2953 861 2998 oh
872 2951 911 2998 les
923 2949 1016 2998 littere
1026 2950 1207 2999 testimoniales

92 3019 266 3060 commencent
279 3029 312 3060 au
325 3014 350 3060 fo
365 3049 369 3058 .
383 3014 439 3060 234.

482 3115 567 3150 NOTES
584 3115 812 3159 BIOGRAPHIQUES·

119 3211 185 3260 Nous
206 3214 357 3264 identifions
380 3231 480 3264 comme
501 3216 553 3264 suit
577 3217 614 3264 les
637 3233 712 3264 noms
734 3217 798 3264 citis
821 3215 885 3264 dans
905 3217 929 3264 le
950 3217 1104 3280 preambule
1128 3217 1160 3265 de
1180 3219 1207 3266 la

92 3270 188 3324 Grande
205 3277 315 3335 Charte;
336 3278 496 3326 l'excellcnte
515 3279 584 3326 table
604 3279 648 3342 qui
669 3279 780 3326 termine
797 3278 913 3326 l'edition
933 3279 978 3326 des
997 3279 1110 3342 grandes
1128 3280 1205 3328 chro-

92 3332 177 3396 niques
190 3339 221 3387 de
234 3341 474 3399 wendover-Paris,
486 3357 535 3404 par
548 3343 580 3388 M.
595 3342 690 3397 Luard‚
704 3357 762 3388 sera
775 3341 835 3387 d'nn
848 3341 932 3404 grand
945 3357 1050 3389 seeours
1061 3357 1128 3404 pour
1139 3358 1207 3389 com·

92 3395 170 3455 pleter
185 3417 226 3449 ces
241 3409 316 3450 notes
328 3401 544 3466 biographiques.
556 3404 595 3451 On
609 3404 689 3450 dev'ra
701 3401 819 3451 recourir
831 3404 978 3466 &galement
990 3420 1041 3450 aux
1053 3404 1157 3451 articles
1171 3405 1205 3452 du

92 3456 235 3527 Dictionary
246 3465 404 3528 ofnational
415 3465 567 3528 biograpbp,
579 3466 623 3528 qui
633 3473 673 3512 est
684 3482 713 3512 en
725 3481 801 3512 cours
811 3465 842 3512 de
872 3465 1016 3513 ublication
1027 3466 1120 3528 depuis
1135 3467 1204 3516 1885.

118 3521 223 3574 Etienne
242 3526 274 3574 de
292 3528 344 3577 Lan
366 3533 423 3584 ton,
442 3527 603 3591 archequue
620 3527 652 3576 de
671 3527 832 3589 Cantorbery
849 3482 1021 3591 11207-1228);
1042 3529 1062 3576 il
1079 3528 1150 3575 avait
1166 3532 1205 3576 ite

93 3581 153 3651 cybi,
167 3601 197 3634 en
210 3590 279 3646 1206,
294 3605 338 3636 car
358 3589 412 3636 inal
425 3606 458 3637 au
470 3589 531 3637 titre
544 3589 574 3638 de
588 3592 613 3638 S.
629 3590 824 3654 Chrysogonus.
839 3590 879 3637 On
894 3605 908 3636 a
923 3606 957 3636 vu
970 3590 1035 3636 dans
1048 3589 1204 3638 l'lntroduc·

93 3645 144 3690 tion
155 3646 178 3696 le
191 3651 277 3713 grand
290 3651 344 3698 rble
360 3651 422 3714 qu'il
437 3668 452 3699 a
466 3652 532 3699 oue.

120 3705 194 3782 Henri
216 3713 247 3760 de
268 3713 393 3770 Londres,
415 3669 576 3786 arcbeveque
596 3714 626 3760 de
644 3713 740 3762 Dublin
760 3713 927 3778 (trit-1228).
947 3714 1092 3762 wendover
1112 3716 1137 3763 le
1155 3715 1204 3763 cite

94 3774 642 3902 pallii]lbedrdghdieebbsiriii-ldbrbll’llzllise,
659 3841 756 3902 e'vdque
773 3838 804 3886 de
819 3839 935 3886 Londres
952 3855 984 3886 en
1002 3839 1069 3902 1199,
1090 3839 1205 3904 abdiqua

94 3903 121 3936 cn
133 3894 190 3944 1222
201 3906 226 3947 et
238 3905 345 3948 mourut
356 3916 388 3947 en
400 3901 467 3948 1224.

121 3953 203 4008 Pierre
217 3961 264 4010 des
277 3961 386 4019 bochea,
401 3965 497 4026 aveque
511 3963 543 4012 de
559 3963 721 4012 Winchester
737 3963 912 4026 (mommsen
932 3964 1025 4012 ardent
1040 3964 1160 4028 partisan
1173 3964 1204 4012 de

94 4012 154 4084 Jean·
167 4037 225 4072 sans
237 4032 308 4073 terre
319 4024 424 4087 jusqu’a
441 4025 467 4072 la
479 4026 524 4082 lin,
538 4025 557 4072 il
571 4027 610 4074 lut
622 4043 657 4073 un
669 4027 714 4074 des
730 4032 832 4073 tuteurs
845 4027 951 4074 d'llenri
963 4027 999 4074 111
1013 4033 1038 4074 et
1052 4026 1141 4074 devint
1154 4043 1204 4074 une

95 4085 157 4127 sorte
176 4083 206 4132 de
229 4085 362 4152 principal
386 4086 504 4136 ministre
529 4087 606 4150 aprbs
627 4089 654 4136 la
677 4089 797 4152 disgrbce
823 4088 950 4136 d'Hubert
972 4089 1003 4136 de
1027 4090 1116 4152 Bourg
1140 4089 1202 4152 qu'il

96 4151 228 4256 Provoipua.

123 4202 178 4256 loce
190 4209 215 4258 in
226 4213 376 4268 Trcteman,
389 4213 485 4276 e'qune
496 4213 527 4260 de
538 4210 605 4260 Rath
618 4221 642 4260 et
653 4213 732 4261 Wclls
746 4212 912 4275 (1206-121-2).
