2796 4854
218 363 249 410 ss
473 361 624 410 suimus
641 361 703 410 uss
720 349 881 412 issemus
897 363 1080 414 uuuuusss

261 478 317 544 54.
342 477 461 546 Nullus
482 479 632 568 capiatur
655 503 716 544 nec
742 477 981 569 imprisonetur
1003 495 1143 571 proptor
1165 481 1312 572 appellum
1374 471 1376 560 i

218 580 338 646 semine
357 580 399 646 de
418 593 524 647 morte
544 581 680 648 alterius
700 606 799 671 quam
818 581 879 648 viri
901 584 964 648 sui.
1375 593 1376 644 t

261 723 315 788 55.
344 723 464 788 Omnes
485 723 571 810 fines
594 727 655 814 qui
675 726 796 813 injuste
819 739 849 790 et
876 739 993 790 contro
1018 726 1120 816 legem
1145 728 1317 816 terrefacti

214 841 291 891 sunt
305 827 486 907 nobiscum,
497 839 528 891 et
539 831 651 891 omnia
666 829 925 892 amerciamenta
936 830 1030 918 facto
1045 831 1165 916 injuste
1176 843 1204 892 et
1216 843 1314 892 contro

215 929 316 1018 legem
332 943 431 1009 terre,
450 933 581 993 omnino
599 930 836 1010 condonentur,
859 930 910 995 uel
924 931 987 1016 fiat
1008 931 1081 994 inde
1096 933 1312 1021 perjudicium

214 1034 493 1121 vigintiquinque
522 1033 683 1096 baranum
707 1032 890 1121 dequibus
917 1032 958 1119 fit
986 1037 1109 1098 mencio
1137 1036 1268 1124 inferius
1289 1037 1314 1096 iu

212 1142 389 1199 securitate
401 1139 508 1222 pacis,
531 1133 582 1198 cel
595 1158 658 1222 per
668 1134 836 1222 judicium
854 1138 995 1223 majoris
1003 1142 1119 1224 partis
1137 1137 1311 1212 eorundem,
1375 1139 1376 1170 ³

213 1261 281 1300 una
305 1261 378 1302 cum
396 1238 545 1326 predicto
570 1236 737 1326 Stepliano
759 1235 997 1302 Cantuariensi
1017 1239 1273 1330 archiepiscopo,
1291 1243 1314 1302 si

213 1342 368 1404 interesse
380 1341 519 1428 poterit,
537 1353 567 1403 et
583 1340 658 1404 aliis
675 1363 757 1430 quos
775 1363 884 1404 secum
903 1341 948 1404 ad
966 1341 1026 1405 boc
1046 1365 1162 1406 vocare
1179 1341 1310 1405 coluerit.

212 1443 256 1506 Et
275 1446 306 1506 si
320 1444 474 1507 interesse
494 1465 559 1506 non
574 1447 712 1532 poterit,
735 1441 967 1508 nichilominus
981 1444 1142 1533 procedat
1160 1445 1311 1534 negocium

210 1548 281 1609 sine
305 1571 354 1626 eo,
381 1551 428 1610 ito
453 1546 552 1635 quod,
580 1547 613 1610 si
635 1545 758 1635 aliquis
777 1545 828 1612 vel
847 1545 957 1637 aliqui
975 1547 1014 1610 de
1033 1547 1190 1635 predictis
1215 1547 1314 1634 viginti

211 1655 354 1739 quinque
381 1649 560 1713 baronibus
587 1651 714 1738 fuerint
743 1651 775 1712 in
804 1648 908 1712 simili
930 1649 1080 1738 querela,
1113 1663 1313 1714 amoveantur

210 1763 370 1842 quantum
387 1751 433 1815 od
449 1749 510 1816 lzoc
517 1752 698 1840 judicium,
716 1765 746 1815 et
761 1752 823 1814 alii
833 1751 903 1814 Ioco
920 1775 1032 1816 corum
1044 1777 1109 1840 per
1126 1753 1267 1818 residuos
1282 1751 1313 1813 de

210 1854 330 1916 eisdem
355 1856 650 1944 vigintiquinque,
675 1868 803 1917 tantum
827 1855 873 1918 ad
895 1854 954 1917 boc
974 1856 1163 1943 faciendum
1185 1856 1273 1918 electi
1290 1864 1312 1914 et

208 1957 319 2035 jurati
336 1957 591 2020 substituantur.

254 2083 308 2150 56.
335 2086 441 2149 Sinos
451 2086 685 2150 disseisicimus
699 2083 749 2147 uel
759 2085 982 2174 elongavimus
999 2084 1165 2151 Walenses
1177 2086 1216 2150 de
1228 2085 1312 2148 terris

209 2189 261 2252 cel
284 2188 489 2254 libertatibus
514 2187 564 2252 ccl
586 2187 684 2251 rebus
708 2185 802 2263 aliis,
830 2189 899 2250 sine
922 2186 1024 2275 legali
1039 2188 1169 2276 judicio
1189 2189 1310 2276 parium

207 2314 356 2368 suorum,
380 2293 412 2353 in
431 2288 555 2377 Anglia
575 2287 626 2353 uel
647 2291 678 2351 in
710 2289 844 2368 Wollia,
870 2291 916 2351 eis
935 2291 1046 2356 statim
1069 2289 1270 2368 reddantur;
1288 2299 1312 2350 et

206 2396 239 2458 si
252 2396 417 2456 contencio
436 2389 612 2481 superbos
632 2403 707 2453 orta
718 2391 833 2478 fuerit,
852 2403 928 2453 tunc
946 2391 1019 2454 inde
1037 2390 1100 2476 fiat
1116 2393 1149 2454 in
1169 2389 1312 2456 Marobia

203 2520 266 2584 per
279 2496 444 2584 judicium
464 2494 602 2584 parium
623 2513 778 2572 suorum,·
798 2492 838 2556 de
860 2495 1049 2556 tenementis
1069 2492 1188 2583 Anglie
1209 2516 1310 2558 secun-

207 2598 285 2661 dum
308 2596 408 2686 legem
434 2595 574 2686 Angue:
596 2597 636 2660 de
659 2596 849 2658 tenementis
880 2593 996 2660 Wollie
1019 2597 1197 2660 secundum
1223 2596 1309 2684 legem

214 2699 351 2779 Wallie;
382 2700 421 2763 de
445 2701 634 2764 tenementis
659 2697 810 2762 Marcbie
829 2697 1006 2762 secundum
1034 2696 1135 2790 legem
1161 2697 1308 2764 Marcbie.

206 2802 294 2865 Idem
307 2801 432 2889 facient
453 2801 621 2868 Walenses
636 2800 729 2862 nobis
744 2813 774 2862 et
791 2803 923 2864 nostris.

251 2941 303 3008 57.
331 2944 379 3007 De
396 2943 545 3007 omnibus
562 2955 671 3006 autem
693 2941 757 3006 illis
777 2943 817 3006 de
837 2943 955 3031 quibus
976 2944 1098 3031 aliquis
1124 2943 1308 3010 Walensium

205 3046 496 3136 disseisitusfuerit
510 3045 561 3109 cel
573 3045 756 3134 elongatus,
769 3047 839 3108 sine
851 3045 954 3134 legali
955 3070 974 3132 J
981 3046 1087 3109 udicio
1099 3049 1235 3136 parium
1249 3064 1309 3107 suo·
1371 3105 1372 3108 ,

205 3172 291 3228 rum,
312 3174 378 3237 per
405 3149 582 3212 Henricum
604 3169 713 3236 regem
733 3161 865 3236 patrem
891 3162 1038 3212 nostrum
1063 3147 1114 3213 cel
1139 3147 1307 3212 Ricardum

204 3275 311 3338 regem
330 3252 473 3340 fratrem
493 3264 654 3340 nostrum,
675 3273 737 3338 que
760 3274 818 3314 nos
838 3253 870 3313 in
890 3274 992 3314 marcu
1010 3265 1126 3316 nostro
1145 3251 1306 3322 babemus,

204 3349 255 3413 cel
270 3372 332 3438 que
351 3347 413 3411 alii
427 3361 534 3410 tenent
551 3370 614 3437 que
631 3372 690 3411 nos
706 3362 856 3436 oporteat
877 3351 1118 3429 warantizare,
1140 3360 1307 3438 respectum
1371 3401 1373 3412 ί

203 3449 395 3514 babebimus
411 3451 574 3540 usquead
587 3474 788 3514 communem
807 3451 981 3514 terminum
1002 3453 1305 3540 crucesignatorum,

107 3561 109 3565 ’
204 3552 268 3616 illis
292 3555 434 3640 exceptis
457 3554 496 3616 de
520 3553 637 3641 quibus
653 3552 817 3641 placitum
842 3566 963 3616 motum
985 3554 1051 3642 fuit
1075 3554 1126 3620 vel
1148 3551 1306 3644 inquisicio

199 3655 294 3743 facta
305 3679 370 3743 per
384 3670 572 3744 preceptum
592 3669 740 3719 nostrum
761 3669 838 3720 onte
856 3659 1096 3744 suscepcionem
1115 3659 1224 3720 crucis
1242 3675 1305 3717 nos-

202 3770 270 3836 tre‚·
299 3781 372 3820 cum
402 3771 510 3821 autem
535 3758 741 3836 redierimus,
771 3758 822 3824 ael
842 3761 874 3822 si
896 3759 983 3849 fome
1011 3761 1265 3822 remanserimus
1289 3775 1305 3814 a

198 3865 464 3947 peregrinatione
477 3874 603 3939 nostra,
623 3862 733 3924 statim
749 3861 795 3924 eis
808 3860 882 3925 inde
891 3860 1029 3948 plenam
1037 3862 1208 3948 justitiam
1225 3855 1304 3922 eubi-
1371 3899 1372 3908 η

203 3959 363 4040 bebimus,
384 3962 561 4025 secundum
583 3963 668 4050 leges
693 3961 892 4027 Walensium
914 3975 944 4025 et
953 3975 1071 4051 partes
1084 3961 1262 4050 predictas.

245 4102 299 4167 58.
325 4103 394 4169 Nos
407 4104 579 4168 reddemus
592 4103 699 4188 filium
715 4103 873 4169 Lemelini
883 4108 1008 4185 statim,
1023 4118 1054 4168 et
1067 4127 1179 4168 omnes
1191 4101 1304 4169 obsides

199 4207 238 4270 dc
262 4205 399 4284 Wallio,
417 4221 447 4269 et
466 4220 658 4296 sartosque
678 4206 770 4269 nobis
786 4205 924 4272 liberate
935 4210 1075 4297 fuerunt
1093 4209 1125 4270 in
1139 4211 1304 4272 securitate

194 4330 302 4398 pacis.
