2820 4868
385 360 417 406 11.
435 386 466 396 .-
483 359 614 406 caaarn
632 359 676 406 nn
694 359 750 407 nor
768 345 911 406 trinium
1192 355 1207 402 e

99 479 135 539 ab
161 477 350 540 Innocentio
372 488 484 538 sancte
505 499 638 538 romane
663 475 751 539 sedis
778 476 934 560 pontifice
960 473 1204 548 confirmatusl,

100 591 242 664 respectu
275 590 308 640 et
339 602 450 641 amore
484 578 545 640 Dei
577 589 723 640 sanctam
756 577 929 640 ecclesiam
963 575 1101 640 liberam
1135 599 1207 637 esse

100 679 254 756 concedo,
272 692 304 742 et
323 679 470 742 debitam
487 679 704 741 reverentiam
722 677 769 740 illi
787 677 959 741 confirmo.
976 675 1085 742 Nichil
1103 700 1153 738 me
1173 676 1205 738 in

100 781 227 844 ecclesia
247 781 297 844 vel
318 783 418 844 rebus
438 780 674 844 ecclesiasticis
694 779 873 843 simoniace
892 792 1041 842 acturum
1061 778 1111 841 vel
1132 801 1207 864 per-

100 886 265 950 missurum
292 911 365 950 esse
392 886 561 974 promitto.
594 886 900 950 Ecclesiasticarum
929 909 1146 972 personarum
1175 895 1207 946 et

100 987 233 1051 omnium
248 989 445 1053 clericorum
461 1002 493 1052 et
508 1015 616 1053 rerum
634 1014 747 1052 eorum
760 988 927 1076 justiciam
942 1003 974 1051 et
995 1000 1206 1074 potestatem,

100 1103 128 1152 et
138 1090 402 1154 distributionem
419 1092 583 1154 honorum
601 1091 900 1154 ecclesiasticorum
921 1089 955 1151 in
971 1113 1065 1152 rnamu
1083 1087 1209 1176 episco-

101 1215 208 1277 porum
233 1217 305 1256 esse
332 1194 492 1280 perhibeo
521 1207 553 1256 et
576 1193 748 1256 conlirmo.
776 1193 963 1279 Dignitates
992 1193 1208 1254 ecclesiarum

100 1293 271 1380 privilegiis
291 1318 402 1358 earum
424 1295 634 1358 confirmatas
657 1307 689 1358 et
709 1294 968 1358 consuetudines
990 1317 1100 1356 earum
1123 1293 1207 1354 anti-

101 1417 159 1480 quo
185 1407 298 1458 tenore
329 1396 460 1460 habitas
490 1396 648 1460 inviolate
683 1421 813 1460 nranere
845 1407 953 1458 statuo
985 1407 1017 1457 et
1044 1395 1203 1457 concedo.

102 1497 214 1558 Omnes
239 1496 455 1561 ecclesiarum
480 1499 710 1585 possessiones
733 1511 764 1561 et
786 1511 937 1571 tenuram,
961 1520 1042 1583 quas
1070 1496 1123 1559 die
1150 1495 1203 1557 illa

16 1623 17 1630 ¹
102 1597 278 1661 habuerunt
309 1622 370 1684 qua
400 1599 590 1666 Willelmus
621 1625 675 1662 rex
713 1624 790 1662 avus
826 1624 917 1661 meus
955 1599 1015 1661 luit
1050 1598 1141 1661 vivus
1176 1610 1208 1659 et

16 1781 17 1786 ἵ
105 1711 253 1776 mortuus,
272 1700 343 1762 sine
362 1701 451 1764 omni
471 1702 765 1790 calumpniantium
789 1701 1041 1778 reclamatione,
1063 1700 1110 1762 eis
1130 1700 1209 1762 libe-

16 1795 18 1834 ³
93 1801 149 1861 'ras
169 1813 200 1863 et
219 1802 387 1865 absolutas
411 1828 483 1866 esse
503 1805 662 1867 concedo,
687 1803 722 1868 Si
746 1803 826 1889 quid
849 1828 925 1865 vero
946 1803 987 1866 dc
1011 1803 1134 1864 habitis
1156 1800 1206 1863 vel

16 1953 18 1970 .
105 1903 256 1986 possessis
279 1917 355 1966 ante
378 1917 513 1968 mortem
540 1905 686 1991 ejusdem
711 1907 798 1994 regis
822 1907 943 1992 quibus
965 1905 1061 1967 modo
1083 1915 1207 1975 careat,

16 2057 21 2076 ,,
106 2003 231 2066 ccclesia
262 2007 419 2093 deinceps
449 2008 638 2093 repetierit,
668 2007 876 2094 indulgentie
906 2019 938 2068 et
967 2003 1210 2090 dispensationi

16 2145 17 2150 .
106 2129 167 2168 mee
181 2107 229 2168 vel
245 2109 486 2172 restituendum
506 2112 555 2172 vel
574 2109 820 2172 discutiendum
843 2133 985 2170 reservo.
1005 2111 1210 2192 Qnecunque

105 2231 170 2270 vero
191 2221 266 2295 post
288 2224 426 2273 mortem
446 2211 551 2298 ipsius
573 2213 661 2299 regis
679 2211 877 2274 liberalitate
897 2233 1012 2298 regum
1034 2208 1084 2271 vel
1106 2207 1209 2293 largi-

104 2308 184 2372 tione
203 2309 409 2398 principum,
432 2313 601 2375 oblatioue
626 2313 676 2374 vel
702 2313 966 2400 comparatione,
987 2311 1036 2372 rol
1062 2310 1210 2396 qualibet

105 2414 368 2476 transmutatione
385 2413 532 2477 fidelium
547 2415 594 2485 eis
609 2415 726 2477 collata
744 2427 835 2488 sunt,
855 2416 1025 2476 confirmo.
1045 2413 1162 2475 Pacem
1179 2423 1211 2472 et

102 2513 257 2596 justiciam
272 2539 322 2577 me
339 2515 544 2579 in'omnibus
562 2516 722 2580 facturum
742 2528 775 2578 et
793 2538 853 2602 pro
873 2524 971 2602 po'sse
992 2539 1063 2578 meo
1079 2535 1211 2578 conser-

16 2631 17 2634 ’
105 2627 241 2679 vaturum
259 2618 306 2678 eis
327 2616 499 2704 promitto.

142 2719 290 2782 Forestas
315 2743 396 2804 quas
417 2720 606 2788 Willelmus
632 2745 708 2784 avus
731 2745 822 2782 meus
845 2732 877 2782 et
902 2719 1090 2786 Willelmus
1111 2742 1213 2782 avun-

16 2813 17 2816 ¹
107 2819 187 2882 culus
206 2843 296 2882 meus
317 2821 534 2885 instituerunt
553 2834 585 2884 et
605 2823 794 2885 habuerunt
813 2821 893 2884 milri
914 2846 1056 2884 reservo.
1077 2823 1211 2885 Ceteras

16 2913 18 2948 ³
106 2945 208 2986 omnes
236 2945 317 3008 quas
341 2946 397 2985 rex
421 2925 583 2986 Henricus
603 2923 847 3010 superaddidit,
877 2924 1028 2986 ecclesiis
1052 2935 1087 2985 rt
1108 2946 1212 3011 regno

106 3024 223 3108 quietas
242 3024 346 3087 reddo
363 3037 395 3086 et
414 3025 573 3087 concedo.

144 3125 174 3188 Si
192 3127 266 3212 quis
287 3126 464 3212 episcopus
484 3127 534 3190 vel
553 3128 655 3189 abbas
674 3127 723 3189 vel
743 3127 803 3189 alia
824 3125 1049 3189 ecclesiastica
1070 3148 1213 3211 persona

16 3279 17 3288 .
106 3239 171 3288 ante
191 3239 330 3290 mortem
351 3251 440 3289 suam
461 3227 705 3291 rationabiliter
726 3253 781 3291 sua
807 3227 1016 3291 distribuerit
1032 3225 1083 3289 vel
1104 3223 1212 3287 distri·

16 3321 17 3398 ]
106 3325 225 3390 huenda
255 3329 423 3404 statuerit,
455 3329 583 3391 firmum
606 3354 739 3393 manere
763 3330 922 3394 concede.
949 3328 984 3393 Si
1004 3352 1082 3392 vero
1108 3337 1214 3389 morte

16 3505 18 3516 .
106 3442 338 3515 preoccupatus
357 3431 466 3506 suerit,
485 3455 546 3517 pro
563 3432 667 3494 salute
685 3433 792 3494 anime
808 3434 890 3518 ejus,
905 3431 1044 3495 ecclesie
1058 3427 1211 3505 consilio,

16 3531 18 3592 i
106 3531 209 3594 eadem
227 3529 283 3593 liat
305 3531 510 3595 distributio.
534 3535 619 3594 Dum
642 3558 719 3596 vero
737 3534 831 3596 sedes
857 3533 1001 3620 propriis
1024 3532 1215 3618 pastoribus

107 3655 195 3696 vacue
211 3633 345 3708 luerint,
360 3631 449 3718 ipsas
463 3647 496 3696 et
512 3657 624 3696 earum
638 3635 866 3720 possessiones
883 3658 997 3697 omnes
1013 3636 1047 3696 iu
1066 3657 1165 3696 manu
1184 3645 1216 3695 et

132 3825 150 3870 l.
169 3825 202 3871 La
216 3825 287 3870 bulle
301 3825 451 3872 d'lnnocent
464 3827 496 3880 ΙΙ,
511 3831 526 3872 a
539 3827 653 3888 laquelle
667 3827 685 3872 il
696 3835 736 3874 cst
753 3828 799 3873 luit
812 3826 924 3873 allusion
940 3827 982 3882 ici,
997 3835 1036 3873 est
1052 3827 1214 3874 mentionnee

107 3885 162 3932 dans
179 3885 418 3934 Juffe-Loewenleld
437 3890 553 3952 (Hegesia
568 3887 717 3950 pontificum
732 3905 903 3943 romanorum,
920 3892 943 3934 ‘2⁸
961 3889 1034 3951 edit.)
1053 3907 1085 3934 au
1102 3891 1213 3946 11078014,

107 3948 198 4009 d'apr'es
213 3949 238 3994 la
251 3951 324 4011 copie
338 3951 381 4012 qui
396 3967 422 3996 se
437 3958 528 3996 trouve
542 3951 607 3997 dans
624 3952 649 3996 la
662 3951 804 4012 chronique
820 3951 850 3996 de
863 3950 976 3997 Richard
990 3951 1021 3996 de
1036 3952 1151 3996 llexham
1164 3953 1214 4012 (ed.

108 4009 221 4059 llowlett.
236 4027 262 4072 p.
278 4011 347 4074 147);
365 4013 413 4058 elle
432 4013 498 4060 n'est
513 4029 561 4074 pas
577 4013 660 4058 dutee.
677 4015 760 4074 Apres
778 4014 871 4074 l'eloge
887 4014 917 4058 de
935 4014 1012 4058 Hrnri
1027 4014 1065 4068 ΙΝ,
1080 4013 1130 4058 elle
1141 4015 1215 4073 parle

16 4087 18 4130 ζ
107 4071 132 4116 de
145 4073 255 4118 troubles
270 4075 313 4135 qui
327 4076 487 4134 menapaient
497 4077 519 4120 le
534 4091 657 4136 roynume
667 4075 754 4137 quand
768 4076 835 4120 enfin
852 4092 893 4121 c...
909 4075 1013 4120 divinae
1023 4074 1155 4119 miseratio
1165 4075 1216 4136 pie

108 4133 197 4180 tatia...
217 4137 347 4181 communi
373 4145 432 4183 voto
455 4145 480 4184 et
504 4137 620 4184 unanimi
643 4153 772 4183 consensu
792 4144 843 4182 tam
869 4153 1004 4198 procerum
1035 4151 1113 4197 quam
1137 4137 1214 4182 etiam

107 4197 186 4258 populi
200 4203 224 4243 te
237 4197 263 4243 in
280 4214 370 4260 regern
381 4199 477 4262 eligere
491 4207 515 4248 et
529 4216 544 4246 a
557 4200 708 4262 presulibus
721 4199 795 4261 regni
808 4199 956 4247 consecrari
972 4198 1116 4262 providit...
1133 4215 1144 4243 o
