2796 4854
154 323 184 368 se
412 313 562 364 cusanus
579 313 641 362 nes
659 300 819 362 essemus
837 312 1017 363 uusnusss

156 449 295 514 trorum,
315 449 496 512 terrarum,
512 433 770 520 possessionum,
787 445 817 496 et
835 430 912 494 aliis
929 432 1034 495 modis
1050 431 1167 522 quibus
1182 448 1279 521 pote-

97 591 101 606 .
158 552 248 616 runt,
273 539 374 602 donec
394 537 498 626 suerit
517 533 722 599 emendatum
745 533 922 597 secundum
948 534 1121 599 arbitrium
1142 541 1278 611 eoru'm,

157 641 252 706 salva
270 663 416 730 persona
440 651 553 702 nostra
578 651 608 700 et
631 638 742 726 regine
764 649 874 700 nostre
895 649 926 698 et
947 635 1122 700 liberorum
1147 651 1279 701 nostro-

159 764 255 823 rum‚·
276 756 306 806 et
327 765 399 806 cum
420 742 524 830 fuerit
543 738 750 804 emendatum
778 737 944 802 intendent
964 739 1058 803 nobis
1078 742 1161 802 sicut
1179 742 1281 828 prius

155 849 318 937 feceruut.
334 845 379 908 Et
394 845 591 933 quicumque
610 838 747 906 voluerit
767 839 807 902 de
823 854 916 904 terra
925 844 1021 928 juret
1038 843 1127 930 quod
1139 844 1186 905 ad
1196 867 1280 929 pre·

159 950 248 1013 dicta
263 947 375 1011 omnia
390 943 580 1035 enequendu
592 943 725 1030 parebit
743 942 911 1008 mandatis
920 944 1146 1030 predictorum
1165 946 1284 1032 viginti

160 1051 303 1142 quinque
326 1048 505 1127 baronum,
530 1059 560 1110 et
579 1046 668 1136 quod
683 1045 840 1134 gravabit
859 1069 917 1108 nos
932 1069 993 1134 pro
1010 1069 1106 1133 posse
1127 1069 1278 1109 succum

162 1154 252 1240 ipsis,
266 1164 297 1214 et
309 1173 368 1214 nos
375 1149 508 1239 publice
519 1161 549 1211 et
561 1147 661 1212 libere
674 1147 793 1210 danius
808 1146 978 1211 licenciam
987 1147 1137 1236 jurandi
1148 1147 1281 1210 cuilibet

161 1255 358 1344 quijurare
378 1251 526 1330 voluerit,
548 1263 578 1313 et
599 1247 686 1312 nulii
707 1272 860 1338 umquam
881 1251 999 1332 jurare
1015 1249 1278 1338 prohibebimus.

163 1357 283 1423 Omnes
299 1368 408 1418 autern
427 1353 498 1418 illos
513 1353 657 1416 deterre
673 1353 733 1442 qui
742 1375 805 1440 per
820 1375 854 1414 se
866 1365 895 1414 et
909 1366 1022 1439 sponte
1038 1375 1103 1416 sua
1115 1352 1282 1414 noluerint

161 1463 279 1544 ''itrare
295 1457 567 1546 vigintiquinque
583 1453 761 1519 baronibus
776 1453 816 1517 de
830 1453 1055 1543 distringendo
1069 1467 1099 1518 et
1105 1453 1281 1542 ,gravando

163 1585 222 1625 nos
246 1583 319 1622 curn
343 1562 402 1638 eis,
425 1559 589 1647 faciemus
610 1559 731 1642 jurare
754 1556 880 1620 eosdem
904 1556 944 1620 de
970 1556 1126 1619 mundato
1150 1569 1263 1618 nostro

162 1667 248 1727 sicut
255 1662 439 1756 predictum
454 1673 514 1724 est.
532 1661 575 1724 Et
587 1661 619 1722 si
630 1657 752 1748 aliquis
765 1658 804 1720 de
818 1659 934 1746 viginti
946 1661 1088 1748 quiesque
1103 1658 1283 1722 baronibus

164 1767 348 1842 decesserit,
369 1763 420 1826 vel
431 1787 452 1826 a
473 1775 564 1826 terra
582 1763 764 1838 recesserit,
786 1759 836 1824 vei
849 1759 961 1850 aliquo
980 1760 1047 1824 ulio
1067 1761 1159 1824 niodo
1182 1763 1284 1848 impe-

164 1868 251 1932 ditus
266 1868 382 1956 fiterit,
398 1867 572 1954 quonu‘nus
590 1866 654 1926 ista
663 1863 817 1950 predicta
828 1877 960 1951 possent
974 1866 1108 1952 eccequi,
1126 1865 1185 1951 qui
1199 1865 1284 1926 resi·

165 1971 226 2034 dui
245 1970 372 2058 fuerint
397 1968 436 2030 de
455 1966 616 2058 predictis
644 1967 761 2053 viginti
783 1967 927 2054 quinque
956 1965 1134 2029 baronibus
1159 1965 1286 2054 eligant

166 2070 268 2136 alium
299 2070 367 2134 loco
398 2071 515 2158 ipsius,
538 2091 602 2158 pro
625 2067 765 2131 arbitrio
793 2091 865 2146 suo,
894 2069 953 2155 qui
977 2068 1080 2132 simili
1102 2068 1195 2132 inodo
1221 2071 1285 2130 erit

165 2178 301 2258 juratus
325 2196 389 2262 quo
414 2186 444 2234 et
467 2174 576 2234 ceteri.
603 2171 641 2234 ln
670 2170 819 2233 omnibus
850 2182 958 2233 autem
984 2193 1046 2260 que
1077 2172 1146 2234 istis
1170 2171 1289 2259 viginti

167 2279 311 2368 qeninque
340 2273 519 2338 baronibus
549 2274 798 2336 committuntur
821 2271 1028 2362 exequenda,
1056 2275 1089 2336 si
1109 2275 1196 2363 forte
1224 2275 1289 2360 ipsi

168 2377 444 2468 vigintiquinque
460 2387 629 2464 presentes
645 2376 783 2464 suerint,
803 2387 833 2436 et
851 2376 935 2437 inter
953 2398 987 2437 se
1004 2397 1103 2462 super
1120 2399 1155 2438 re
1169 2374 1286 2462 aliquo

168 2479 441 2557 discordaverint,
454 2475 505 2542 vei
515 2476 624 2568 aliqui
635 2501 676 2539 en
691 2479 737 2540 eis
751 2478 942 2540 summoniti
948 2476 1051 2540 nolint
1062 2476 1113 2540 vel
1124 2489 1287 2565 nequeant

169 2586 334 2658 interesse,
354 2594 464 2646 ratum
481 2579 644 2644 babeatur
656 2593 687 2642 et
700 2578 835 2664 firmum
853 2580 942 2668 quod
956 2581 1159 2668 majorpors
1174 2602 1287 2642 eorum

168 2688 229 2776 qut
244 2697 415 2773 presentes
433 2684 560 2773 fuerint
576 2682 780 2770 providerit,
801 2680 851 2745 vel
866 2683 1050 2769 preceperit
1069 2704 1108 2743 ac
1129 2682 1162 2745 si
1177 2703 1289 2744 omnes

169 2787 286 2876 viginti
300 2789 444 2876 quicuque
462 2789 494 2847 in
513 2784 572 2848 boc
587 2786 845 2864 consensissent,·
866 2797 895 2846 et
908 2785 1053 2872 predicti
1067 2783 1183 2872 viginti
1196 2785 1290 2872 quin·

170 2915 232 2980 (μω
240 2891 358 2976 jurent
372 2887 461 2978 quod
474 2888 585 2950 omnia
599 2885 765 2948 antedicta
778 2885 922 2970 fideliter
938 2885 1167 2964 observabunt,
1185 2898 1217 2947 et
1227 2909 1291 2974 pro

171 3007 235 3056 toto
245 3015 345 3080 posse
363 3014 423 3054 suo
442 2991 568 3080 facient
585 2988 764 3051 observari.
784 2990 828 3050 Et
847 3012 906 3052 nos
923 2987 1027 3052 nicbii
1045 2987 1293 3077 impetrabimus

171 3097 213 3159 nb
232 3093 356 3183 aliquo,
370 3117 433 3179 per
453 3115 512 3155 nos
531 3115 589 3154 nec
604 3114 667 3179 per
690 3089 811 3168 alium,
828 3115 891 3180 per
909 3091 998 3180 quod
1013 3089 1129 3179 aliqua
1150 3090 1292 3154 istarum

172 3198 414 3261 concessionum
438 3207 467 3256 et
492 3194 679 3258 libertatum
704 3206 873 3256 revocetur
900 3193 951 3257 vel
974 3195 1166 3275 rninuatur;
1190 3206 1240 3271 et,
1267 3198 1299 3256 si

173 3299 303 3388 aliquid
319 3297 384 3360 tole
408 3300 614 3384 impetratum
631 3298 748 3386 fuerit,
771 3298 900 3361 irritum
921 3299 964 3359 sit
981 3309 1010 3359 et
1032 3299 1128 3358 inane
1144 3309 1174 3358 et
1196 3319 1297 3358 num-

174 3426 273 3492 quam
292 3425 327 3463 eo
350 3414 479 3463 utemur
495 3423 556 3488 per
574 3422 632 3462 nos
649 3423 707 3462 nec
720 3423 783 3488 per
802 3398 916 3462 aliurn.

219 3541 274 3607 62.
300 3545 343 3606 Et
355 3565 465 3606 ornnes
479 3540 587 3604 reculas
600 3539 794 3620 voluntates,
811 3540 1068 3629 indignaciones,
1080 3552 1109 3603 et
1121 3562 1297 3620 rancores,

175 3659 264 3710 ortos
279 3646 362 3708 inter
377 3668 435 3708 nos
446 3657 475 3707 et
486 3644 631 3708 bomines
646 3658 787 3722 nostros,
800 3642 935 3706 clericos
949 3655 978 3706 et
991 3642 1105 3722 laicos,
1116 3665 1138 3704 a
1152 3656 1300 3732 ternpore

176 3748 349 3826 discordie,
368 3747 464 3834 plene
488 3747 637 3811 orrenibus
662 3748 847 3810 remisimus
871 3759 901 3809 et
924 3745 1191 3810 condonavimus.
1217 3747 1301 3810 Pre-

176 3867 267 3916 terea
283 3874 393 3914 ornnes
408 3851 687 3939 transgressiones
702 3851 814 3937 factas
830 3853 1001 3913 occasione
1014 3847 1161 3936 ejusdem
1175 3847 1301 3914 discor·

177 3953 240 4030 die,
257 3978 279 4016 a
293 3952 428 4016 Pascba
443 3977 529 4018 anno
544 3956 641 4042 regni
654 3954 761 4016 nostri
773 3953 990 4016 sextodecimo
1007 3974 1108 4040 usque
1123 3951 1171 4014 ad
1180 3975 1301 4039 pacem

178 4058 411 4146 reformatam,
428 4057 525 4148 plene
542 4058 728 4120 remisimus
748 4057 914 4134 omndus,
936 4054 1063 4118 clericis
1083 4067 1114 4117 et
1131 4053 1249 4135 iaicis,
1275 4071 1305 4120 et

178 4173 337 4246 quantum
365 4159 411 4222 ad
435 4185 494 4222 nos
517 4161 660 4247 pertinet
680 4159 776 4247 plene
801 4158 1068 4222 condonavimus.
1094 4157 1140 4220 Et
1167 4180 1305 4248 insuper
