2870 4866
356 309 432 368 trvn.
452 347 482 356 -
499 305 607 369 tutta
626 306 670 368 nu
687 305 770 369 rara
789 295 981 368 euanan'vv'
1181 304 1224 368 m

104 460 181 500 nem
193 431 369 502 advertens
381 461 418 502 ac
432 437 546 502 volens
561 450 640 502 tunc
650 439 816 502 currentis
832 437 993 525 temporis
1009 433 1225 525 evitareperi-

101 539 189 618 cula,
209 541 443 604 concessiones
453 539 643 626 hujusmodi
659 539 733 628 plns
752 551 885 604 coaetus
902 562 999 627 quam
1017 539 1223 604 voluntarius

7 723 8 726 Ἴ
101 643 294 730 perfecisti5
315 656 347 706 et
361 642 508 722 tandem,
532 644 567 706 in
585 667 724 732 regnum
739 656 831 707 tuum
845 656 877 707 te
894 642 1106 730 postmodum
1121 667 1228 706 rever-

101 757 209 823 tente,
220 745 299 810 lieet
311 745 458 809 nondum
470 744 600 834 guerris
613 737 735 809 sedatis
748 745 885 827 eisdem,
899 743 1001 809 iidem
1014 757 1182 833 magnates
1195 757 1228 809 et

7 923 8 930 ἵ
103 847 161 912 alii
177 849 412 912 concessiones
426 846 617 934 hujusmodi
633 872 693 935 per
708 846 992 935 importunitatem
1009 861 1042 912 et
1057 871 1227 960 presump-

103 949 315 1014 tuosaminst
303 949 438 1014 tantiam
454 973 514 1038 per
529 961 561 1012 te
579 949 647 1013 ob
625 962 796 1014 iuuerunt
814 963 1074 1014 etramrnnovarr
1081 949 1226 1040 regali-

7 1057 8 1064 ’
104 1053 169 1115 bus
184 1077 284 1141 snper
298 1054 363 1116 hoc
377 1051 534 1116 exhibitis
554 1051 592 1116 lit
580 1053 674 1116 tteris
695 1065 731 1116 ut
750 1052 785 1116 in
803 1077 918 1117 omnes
934 1051 1129 1166 infrigentes
1147 1077 1227 1118 con-

106 1156 275 1219 cessiones
287 1156 430 1244 prefatas
440 1154 492 1219 bis
504 1156 598 1220 aunis
611 1135 752 1245 singulis
767 1179 827 1243 per
844 1179 957 1218 omnes
972 1179 1067 1244 regni
1059 1155 1229 1243 predicti

106 1256 315 1322 cathedrales
338 1257 495 1322 ecclesias
518 1257 870 1324 excommunicationis
895 1257 1058 1320 sententia
1081 1256 1227 1344 promul-

106 1372 254 1449 garetur,
286 1361 371 1424 sicut
390 1361 423 1426 in
448 1360 574 1425 eisdem
596 1361 717 1425 litteris
741 1361 834 1450 regio
859 1359 969 1448 sigillo
995 1359 1134 1450 signatis
1156 1359 1228 1448 ple

108 1461 183 1525 nius
205 1475 237 1526 et
263 1464 407 1528 seriosus
433 1464 634 1528 continetur.
663 1465 744 1529 Cum
778 1463 888 1551 itaque
918 1460 1054 1526 sedes
1047 1486 1131 1550 ipsa,
1163 1487 1227 1551 que

107 1589 247 1654 regnum
268 1565 430 1653 prelatum
454 1565 593 1654 diligit
585 1581 672 1630 mter
692 1565 801 1630 omnia
820 1589 922 1654 regna
943 1564 1069 1641 mundi,
1092 1577 1124 1626 et
1140 1576 1173 1627 te
1192 1569 1235 1627 ac'

108 1667 217 1754 ipsum
245 1669 332 1757 gerit
356 1669 390 1732 in
417 1668 601 1733 visceribus
628 1668 787 1744 caritatis,
815 1679 973 1757 agnoscat
993 1665 1227 1730 concessiones

108 1769 242 1833 easdem
262 1783 472 1858 presumptas
500 1784 532 1834 et
557 1771 657 1834 faetus
680 1771 712 1833 in
732 1771 781 1833 tui
803 1768 939 1832 honoris
963 1766 1176 1854 dispendium
1196 1778 1239 1832 et'

109 1872 230 1960 regalis
240 1872 435 1936 excellentie
449 1872 697 1950 detrimentum,
714 1873 947 1936 concessiones
959 1870 1090 1934 easdem
1100 1871 1228 1959 etvigc·

108 1997 177 2036 rem
200 1973 347 2061 ipsarum
370 1987 402 2038 et
427 1973 586 2061 quicquid
607 1997 667 2062 per
693 1997 747 2036 eas
769 1986 818 2036 est
840 1971 1091 2060 quomodolibet
1112 1973 1227 2036 subse-

108 2089 233 2154 cutum,
252 2099 289 2138 ac
306 2076 403 2139 etiam
427 2075 802 2140 excommunicationum
827 2076 1009 2138 sententias
1031 2075 1147 2163 quein
1168 2074 1228 2136 eis-

108 2178 184 2243 dem
203 2177 352 2253 ecclesiis
372 2179 422 2241 vel
441 2178 520 2243 alibi
536 2179 669 2242 suerunt
686 2203 746 2267 pro
762 2177 892 2241 illarum
911 2178 1141 2242 observatione
1161 2177 1226 2240 l'cr-

108 2279 194 2342 sitan
214 2280 422 2369 promulgate
444 2279 495 2344 vel
519 2281 616 2344 etiam
638 2279 896 2368 promulganda,
915 2279 1110 2344 auctoritate
1126 2302 1225 2366 apos·

107 2382 206 2445 toliea
231 2395 264 2445 et
286 2381 328 2446 de
345 2381 555 2470 plenitudiue
578 2381 771 2470 potestatiS,
796 2405 1000 2465 revocamus,
1025 2381 1223 2458 anullamus‚

106 2507 286 2562 cassamus,
304 2508 426 2562 cassas,
444 2484 550 2549 nullas
574 2498 605 2548 et
624 2484 735 2548 irritas
753 2471 955 2562 nuntiamus,
976 2485 1103 2548 litteras
1127 2508 1227 2572 super

105 2585 172 2650 illis
191 2587 357 2650 confectas
370 2587 494 2651 viribus
509 2599 685 2650 vacuantes
702 2610 738 2653 ac
759 2586 977 2651 decernentes
994 2600 1027 2650 te
1047 2601 1079 2650 et
1100 2611 1226 2650 succes·

107 2711 199 2752 sores
215 2701 291 2752 tuos
311 2690 420 2778 Reges
438 2689 558 2778 Anglie
578 2688 619 2752 ad
640 2689 770 2753 illarum
791 2689 1034 2754 observantiam
1055 2689 1096 2754 de
1117 2702 1226 2754 cetero
1320 2676 1321 2680 Ἰ

107 2815 174 2856 non
187 2792 307 2870 teneri,
323 2790 420 2856 etiam
435 2792 461 2855 si
477 2792 517 2856 de
534 2791 750 2856 observandis
767 2792 892 2876 eisdem
907 2806 1148 2858 sacramentum
1165 2793 1228 2858 for·

107 2894 193 2957 sitan
219 2894 435 2982 prestitisses,
458 2895 635 2982 presertim
658 2919 744 2973 cum,
770 2896 901 2983 quando
925 2894 1151 2960 coronationis
1173 2909 1227 2960 tue

108 2996 300 3083 suseeptisti
321 2995 530 3084 sollempnia,
549 2996 590 3060 de
615 2996 740 3061 honore
760 3011 792 3062 et
806 2998 937 3084 juribus
959 3022 1081 3062 corone
1102 2997 1228 3085 prefate

109 3097 292 3176 servandis,
302 3096 388 3162 sicut
397 3123 436 3162 ex
446 3111 539 3186 parte
548 3113 603 3162 tua
614 3100 785 3178 asseritur,
799 3099 985 3186 prestiteris
990 3103 1227 3188 juramentum,

109 3213 165 3263 arat
186 3200 213 3263 si
234 3199 274 3263 ad
294 3203 396 3288 penas
415 3201 541 3290 aliquas
561 3213 593 3265 te
614 3213 791 3290 propterea
811 3200 994 3290 obligasses
1016 3227 1032 3265 a
1054 3204 1175 3291 quibus
1196 3215 1229 3266 et

109 3317 200 3366 reatu
220 3303 371 3391 perjurii,
391 3302 517 3391 siquem
532 3317 709 3392 propterea
727 3303 909 3386 incurristi,
925 3318 957 3368 te
972 3303 1070 3368 etiam
1086 3305 1228 3369 absolvi*

109 3427 181 3469 mus
194 3404 259 3482 aad
275 3404 435 3468 cautelam
449 3405 632 3469 districtius
648 3405 840 3470 inhibentes
854 3429 936 3470 vene
946 3405 1106 3470 rabilibus
1123 3406 1228 3470 fratri-

109 3507 170 3570 bus
189 3506 312 3570 nostris
334 3507 595 3596 archiepiscopis
620 3522 654 3571 et
677 3507 845 3597 episeopis
868 3509 1055 3596 ceterisque
1073 3509 1225 3597 personis

108 3621 175 3672 tam
194 3608 429 3672 ecelesiasticis
449 3633 547 3698 quam
569 3610 774 3674 secularibus
795 3634 854 3698 per
874 3634 1012 3699 regnum
1026 3611 1135 3699 ipsum
1154 3611 1228 3675 ubi-

109 3707 190 3774 libet
206 3711 407 3789 constitutis,
424 3735 464 3774 ne
477 3711 542 3800 ipsi
553 3711 604 3776 vel
615 3713 722 3800 quivis
732 3714 891 3799 ipsorum,
905 3713 1181 3802 (archiepiscopis
1196 3725 1229 3778 et

109 3813 276 3901 episcopis
291 3811 457 3898 videlicet,
476 3814 537 3877 sub
551 3839 638 3902 pena
652 3813 877 3902 suspentionis
893 3816 933 3878 ab
946 3813 1064 3879 officiis
1078 3826 1110 3880 et
1125 3817 1228 3880 bene-

110 3915 207 3994 ficiis,
228 3938 327 4003 quam
350 3914 376 3979 si
399 3939 459 4003 per
479 3940 626 3980 mensem
647 3919 904 3997 substinuerint,
925 3920 986 3982 sub
1007 3919 1228 3983 exeommuni-

110 4015 263 4095 cationis,
286 4042 384 4105 quam
406 4041 462 4082 eos
486 4032 607 4083 extunc
633 4043 765 4083 necnon
790 4045 905 4085 omnes
924 4034 957 4085 et
980 4022 1128 4111 singulos
1146 4022 1227 4086 alios
1303 4033 1305 4036 ’

109 4119 284 4184 incurrere
302 4119 394 4184 illico
410 4120 559 4186 volumus
575 4122 648 4210 ipso
667 4123 763 4208 facto)
784 4136 900 4188 contra
921 4125 1113 4211 hujusmodi
1133 4147 1228 4190 revo-
