2796 4854
253 391 282 439 V.
300 419 329 428 -
345 391 477 442 GRANDE
491 390 624 439 cunum
643 391 684 438 DE
701 390 781 438 JEAN
799 390 881 438 SANS
900 390 1007 440 Tenus
1157 393 1188 440 35

68 512 105 574 de
119 509 262 596 Atbyes,
281 511 370 599 quod
385 510 532 573 decetero
549 508 675 573 nullam
695 507 840 571 babeant
854 507 989 572 balliarn
1004 513 1037 571 iu
1051 507 1186 598 Anglia,

68 612 300 700 Eugelardum
320 613 360 675 de
379 611 527 700 Cygony,
548 611 683 673 Petrum
705 622 736 672 et
757 607 891 674 Gionern
911 623 942 672 et
962 609 1130 674 Andream
1150 611 1190 673 de

71 713 251 792 Cancellis,
283 712 418 778 Giouem
438 713 477 778 de
508 713 660 801 Cygony,
686 710 875 800 Galfridum
900 712 939 774 de
960 711 1133 797 Martinny
1159 725 1190 775 et

66 817 193 905 fratres
217 818 303 903 ejus,
320 815 510 904 Philippum
525 813 633 878 Mare.
654 827 685 876 et
699 816 827 903 fratres
846 816 931 901 ejus,
948 827 979 876 et
999 813 1187 906 Galfridum

70 931 217 1006 nepotem
240 921 326 1006 ejus,
346 931 490 982 ettotam
509 915 676 1006 sequelam
694 916 885 980 eorundem.

115 1073 167 1136 51.
197 1075 244 1137 Et
267 1078 378 1137 statim
394 1087 473 1161 post
492 1075 587 1160 pacis
610 1072 881 1160 reformacionem
908 1072 1128 1137 amovebimus
1151 1073 1191 1137 de

73 1199 171 1264 regno
193 1199 308 1240 omnes
327 1174 531 1264 alienigenas
550 1173 679 1252 milites,
706 1172 907 1255 balistarios,
929 1178 1115 1254 servientes,
1136 1179 1190 1240 sti-

70 1278 276 1365 pendiarios,
296 1281 356 1367 qui
372 1281 516 1342 venerint
532 1301 605 1342 cum
621 1279 712 1364 equis
731 1289 762 1339 et
779 1282 883 1342 armis
902 1277 948 1341 od
964 1291 1190 1341 nocumentum

74 1393 175 1469 regni.

117 1521 170 1586 52.
199 1523 241 1587 Si
261 1523 335 1611 quis
353 1525 458 1612 suerit
479 1522 661 1587 de'ssetsitus
690 1523 740 1586 vel
762 1523 934 1612 elongatus
953 1547 1018 1611 per
1040 1548 1099 1589 nos
1123 1527 1192 1589 sine

76 1623 176 1712 legali
183 1625 317 1712 judicio
329 1627 468 1713 parium
488 1650 636 1704 suorum,
658 1626 697 1690 de
717 1629 831 1706 terris,
853 1626 1008 1706 castellis,
1032 1625 1192 1690 libertati-

78 1725 146 1805 bus,
171 1727 316 1814 veljure
337 1751 409 1807 suo,
433 1733 543 1791 statim
563 1752 605 1791 ea
626 1733 657 1792 ei
675 1733 899 1810 restituemus;
924 1743 954 1791 et
977 1731 1009 1792 si
1027 1735 1193 1794 contencio

77 1852 173 1916 super
202 1829 264 1892 ltoc
288 1844 363 1894 orta
380 1832 501 1919 fuerit,
528 1844 605 1893 tunc
631 1831 705 1894 iude
727 1830 791 1915 fiat
806 1855 872 1919 per
889 1831 1055 1919 judicium
1081 1833 1194 1919 viginti

79 1933 219 2020 quinque
235 1932 411 2011 baronum,
430 1933 470 1996 de
487 1933 605 2022 quibus
619 1932 659 2017 fit
676 1937 800 1997 mencio
817 1935 954 2023 inferius
971 1936 1194 1997 insecuritate

76 2037 179 2118 pacis.
202 2032 253 2096 De
274 2034 424 2099 omnibus
449 2048 559 2098 autem
585 2035 648 2097 illis
669 2036 709 2098 de
734 2035 853 2124 quibus
872 2036 993 2125 aliquis
1014 2034 1195 2098 disseisitus

78 2139 178 2224 suerit
197 2139 250 2204 vel
267 2139 439 2229 elongatus
459 2147 529 2205 sine
551 2141 653 2229 legali
662 2142 793 2229 judicio
808 2147 945 2231 parium
966 2165 1113 2220 suorum,
1134 2165 1196 2227 per

81 2240 257 2305 Heuricum
281 2268 388 2332 regem
403 2258 537 2334 patrem
560 2257 708 2308 nostrum
731 2243 783 2308 vel
799 2269 861 2333 per
885 2246 1065 2310 Ricardum
1087 2267 1195 2330 regem

78 2342 216 2430 fratrem
238 2359 400 2425 nostrum,
418 2371 480 2436 que
499 2351 531 2410 in
548 2371 648 2410 manu
669 2360 783 2412 nostra
805 2347 979 2428 babemus,
998 2347 1048 2412 vel
1060 2370 1122 2434 que
1137 2345 1197 2408 alit

82 2457 196 2528 teuent,
218 2471 283 2538 que
301 2472 361 2515 uos
378 2462 527 2538 oporteat
544 2455 779 2533 warantizare,
800 2464 982 2539 respectum
1006 2449 1197 2513 babebimus

84 2570 180 2636 nsque
205 2551 254 2614 ad
276 2573 478 2615 communem
503 2557 678 2616 terminum
706 2557 1033 2644 crucesignatorum,
1056 2553 1198 2639 exceptis

83 2648 143 2714 illis
165 2653 205 2716 de
224 2653 344 2743 quibus
359 2655 520 2742 placitum
541 2668 662 2718 motum
679 2655 747 2746 fuit
765 2657 816 2720 vel
833 2659 1005 2748 inquisitio
1024 2656 1118 2743 faeta
1136 2677 1198 2742 per

78 2769 265 2842 preceptum
290 2769 455 2835 nostrum,
478 2771 554 2821 ante
575 2761 816 2845 suscepciouem
839 2762 946 2823 crucis
969 2770 1103 2820 nostre:
1125 2780 1196 2819 cum

84 2867 186 2918 aretem
216 2858 413 2922 redierimus
441 2859 481 2922 de
508 2863 781 2949 peregrinacione
812 2875 945 2940 nostra,
978 2859 1029 2926 vel
1055 2863 1085 2922 si
1112 2860 1199 2947 sorte

83 2964 336 3024 remanserimus
355 2984 377 3022 a
392 2963 668 3050 peregrinacione
691 2977 818 3043 nostra,
838 2965 949 3027 statim
971 2962 1045 3026 inde
1063 2961 1197 3055 plenam

78 3059 248 3141 justiciam
266 3062 502 3134 exhibebimus,

127 3199 177 3265 53.
204 3205 356 3268 Eundem
375 3219 483 3270 autem
500 3221 680 3295 respectum
702 3206 895 3271 babebimus
915 3213 957 3290 [et
976 3206 1085 3270 eodem
1106 3204 1203 3271 ruodo

86 3299 122 3363 de
128 3306 268 3390 justicia
287 3307 495 3396 exhibenda,
510 3309 550 3372 de
559 3311 693 3398 forestis
706 3311 981 3398 deaffirrestandis
995 3309 1059 3392 [vel
1071 3332 1201 3373 reman-

87 3409 163 3469 seris
174 3409 320 3497 forestis]
336 3433 421 3499 quas
436 3412 599 3475 Heurieus
611 3425 712 3499 pater
726 3425 836 3476 noster
850 3411 901 3476 vel
912 3411 1075 3475 Ricardus
1090 3413 1202 3502 frater

88 3520 190 3571 noster
209 3512 497 3598 afferrestaverunt,
519 3515 604 3578 etde
622 3515 778 3578 custodiis
799 3527 967 3578 terrarum
985 3538 1047 3605 que
1066 3527 1144 3576 suut
1163 3515 1202 3578 de

88 3607 189 3675 alieno
205 3613 316 3701 feodo,
337 3615 526 3702 cujusmodi
537 3617 705 3680 custodias
722 3616 890 3705 bucusque
909 3616 1086 3680 babuimus
1105 3637 1200 3679 oeco-

88 3712 170 3775 sione
185 3714 279 3803 feodi
296 3715 386 3804 quod
401 3717 522 3805 aliquis
545 3719 584 3782 de
604 3719 696 3782 uobis
716 3723 819 3782 tenuit
836 3742 901 3805 per
919 3720 1092 3781 servicium
1117 3717 1202 3780 mili·

78 3820 165 3891 tere,
192 3830 221 3878 et
249 3817 289 3880 de
312 3818 459 3883 abbaciis
485 3843 548 3908 que
570 3821 711 3909 fundate
735 3823 863 3910 fuerint
890 3823 922 3882 in
943 3820 1040 3908 fhodo
1065 3819 1203 3884 alterius

88 3934 178 3998 qrram
198 3931 323 4000 nostro,
344 3921 511 4009 inquibus
530 3922 681 3988 dominus
694 3923 788 4012 feodi
802 3921 923 3986 dixerit
938 3947 971 3985 se
983 3925 1046 4010 jus
1063 3922 1203 4004 babere,

91 4027 118 4074 et
145 4041 214 4084 cum
244 4022 456 4102 redierimus,
487 4025 537 4088 vel
560 4028 592 4088 si
613 4028 870 4089 remanserimus
894 4049 916 4087 a
937 4027 1204 4113 peregrinatione

92 4134 213 4202 nostra,
239 4149 340 4214 super
365 4124 428 4188 ltiis
451 4129 723 4215 conquerentibus
742 4127 877 4216 plenam
895 4130 1069 4215 justiciam
1093 4131 1203 4190 statim

93 4220 320 4290 exhibebimus.
